<?xml version="1.0" encoding="UTF-8"?>
<collection xmlns="http://www.loc.gov/MARC21/slim">
  <record>
    <leader>00000ncc a2200000 u 4500</leader>
    <controlfield tag="001">1001</controlfield>
    <datafield tag="100" ind1=" " ind2=" ">
      <subfield code="a">Chrysander, Friedrich</subfield>
    </datafield>
    <datafield tag="260" ind1=" " ind2=" ">
      <subfield code="a">Leipzig</subfield>
      <subfield code="b">Breitkopf &amp; Härtel</subfield>
      <subfield code="c">1891</subfield>
    </datafield>
    <datafield tag="500" ind1=" " ind2=" ">
      <subfield code="a">Contains: in: Vierteljahrsschrift für Musikwissenschaft, vol. 7 (1891), p. 337–396; vol. 9 (1893), p. 249–310; vol. 10 (1894), p. 531–567 </subfield>
    </datafield>
  </record>