
  <record>
    <leader>00000ncc a2200000 u 4500</leader>
    <controlfield tag="001">1006</controlfield>
    <datafield tag="100" ind1=" " ind2=" ">
      <subfield code="a">Shakespeare, William</subfield>
    </datafield>
    <datafield tag="260" ind1=" " ind2=" ">
      <subfield code="a">London</subfield>
      <subfield code="b">Metzler</subfield>
      <subfield code="c">1909</subfield>
    </datafield>
    <datafield tag="500" ind1=" " ind2=" ">
      <subfield code="a">Contains:  c. 1899 </subfield>
    </datafield>
  </record>