
  <record>
    <leader>00000ncc a2200000 u 4500</leader>
    <controlfield tag="001">1007</controlfield>
    <datafield tag="100" ind1=" " ind2=" ">
      <subfield code="a">Caruso, Enrico; Tetrazzini, Luisa</subfield>
    </datafield>
    <datafield tag="260" ind1=" " ind2=" ">
      <subfield code="a">New York</subfield>
      <subfield code="b">Metropolitan Company</subfield>
      <subfield code="c">1909</subfield>
    </datafield>
    <datafield tag="500" ind1=" " ind2=" ">
      <subfield code="a">Contains: </subfield>
    </datafield>
  </record>