
  <record>
    <leader>00000ncc a2200000 u 4500</leader>
    <controlfield tag="001">1011</controlfield>
    <datafield tag="100" ind1=" " ind2=" ">
      <subfield code="a">Witt, Franz; Haberl, Franz Xaver</subfield>
    </datafield>
    <datafield tag="260" ind1=" " ind2=" ">
      <subfield code="a">Regensburg [et al.]</subfield>
      <subfield code="b">F. Pustet</subfield>
      <subfield code="c">1910</subfield>
    </datafield>
    <datafield tag="500" ind1=" " ind2=" ">
      <subfield code="a">Contains: In Musica sacra 1910, n. 11, p. 102</subfield>
    </datafield>
  </record>