
  <record>
    <leader>00000ncc a2200000 u 4500</leader>
    <controlfield tag="001">1016</controlfield>
    <datafield tag="100" ind1=" " ind2=" ">
      <subfield code="a">Fuller Maitland, J. A.</subfield>
    </datafield>
    <datafield tag="260" ind1=" " ind2=" ">
      <subfield code="a">London</subfield>
      <subfield code="c">1912</subfield>
    </datafield>
    <datafield tag="500" ind1=" " ind2=" ">
      <subfield code="a">Contains: In: The Musical Times, Oct. 1, 1911, vol. 52, no. 824, p. 647–651</subfield>
    </datafield>
  </record>