
  <record>
    <leader>00000ncc a2200000 u 4500</leader>
    <controlfield tag="001">1017</controlfield>
    <datafield tag="100" ind1=" " ind2=" ">
      <subfield code="a">Ulrich, Bernhard</subfield>
    </datafield>
    <datafield tag="260" ind1=" " ind2=" ">
      <subfield code="a">Berlin / Leipzig</subfield>
      <subfield code="b">Schuster &amp; Loeffler</subfield>
      <subfield code="c">1912</subfield>
    </datafield>
    <datafield tag="500" ind1=" " ind2=" ">
      <subfield code="a">Contains: In: Die Musik, 17 (1912–13), p. 340–343</subfield>
    </datafield>
  </record>