
  <record>
    <leader>00000ncc a2200000 u 4500</leader>
    <controlfield tag="001">1018</controlfield>
    <datafield tag="100" ind1=" " ind2=" ">
      <subfield code="a">Graziani-Walter, Carlo</subfield>
    </datafield>
    <datafield tag="260" ind1=" " ind2=" ">
      <subfield code="a">Firenze</subfield>
      <subfield code="b">G. Ceccherini &amp; Co.</subfield>
      <subfield code="c">1912</subfield>
    </datafield>
    <datafield tag="500" ind1=" " ind2=" ">
      <subfield code="a">Contains: </subfield>
    </datafield>
  </record>