
  <record>
    <leader>00000ncc a2200000 u 4500</leader>
    <controlfield tag="001">1019</controlfield>
    <datafield tag="100" ind1=" " ind2=" ">
      <subfield code="a">Mancini, Giovanni Battista</subfield>
    </datafield>
    <datafield tag="260" ind1=" " ind2=" ">
      <subfield code="a">Boston</subfield>
      <subfield code="b">R. G. Badger</subfield>
      <subfield code="c">1912</subfield>
    </datafield>
    <datafield tag="500" ind1=" " ind2=" ">
      <subfield code="a">Contains: Translation by Pietro Buzzi</subfield>
    </datafield>
  </record>