
  <record>
    <leader>00000ncc a2200000 u 4500</leader>
    <controlfield tag="001">1020</controlfield>
    <datafield tag="100" ind1=" " ind2=" ">
      <subfield code="a">Schipke, Max</subfield>
    </datafield>
    <datafield tag="260" ind1=" " ind2=" ">
      <subfield code="a">Basel [et al.]</subfield>
      <subfield code="b">Union Deutsche Verlagsgesellschaft</subfield>
      <subfield code="c">1912</subfield>
    </datafield>
    <datafield tag="500" ind1=" " ind2=" ">
      <subfield code="a">Contains: </subfield>
    </datafield>
  </record>