
  <record>
    <leader>00000ncc a2200000 u 4500</leader>
    <controlfield tag="001">1021</controlfield>
    <datafield tag="100" ind1=" " ind2=" ">
      <subfield code="a">Cassius, Olga</subfield>
    </datafield>
    <datafield tag="260" ind1=" " ind2=" ">
      <subfield code="a">Charlottenburg</subfield>
      <subfield code="b">G. Plothow</subfield>
      <subfield code="c">1913</subfield>
    </datafield>
    <datafield tag="500" ind1=" " ind2=" ">
      <subfield code="a">Contains: </subfield>
    </datafield>
  </record>