
  <record>
    <leader>00000ncc a2200000 u 4500</leader>
    <controlfield tag="001">1022</controlfield>
    <datafield tag="100" ind1=" " ind2=" ">
      <subfield code="a">Lehmann, Lilli</subfield>
    </datafield>
    <datafield tag="260" ind1=" " ind2=" ">
      <subfield code="a">Leipzig</subfield>
      <subfield code="b">Hirzel</subfield>
      <subfield code="c">1913</subfield>
    </datafield>
    <datafield tag="500" ind1=" " ind2=" ">
      <subfield code="a">Contains: </subfield>
    </datafield>
  </record>