
  <record>
    <leader>00000ncc a2200000 u 4500</leader>
    <controlfield tag="001">1023</controlfield>
    <datafield tag="100" ind1=" " ind2=" ">
      <subfield code="a">Frossard, H.</subfield>
    </datafield>
    <datafield tag="260" ind1=" " ind2=" ">
      <subfield code="a">Paris</subfield>
      <subfield code="b">Ch. Delagrave</subfield>
      <subfield code="c">1913</subfield>
    </datafield>
    <datafield tag="500" ind1=" " ind2=" ">
      <subfield code="a">Contains: extended edition: La science et l'art du chant. Méthode complete de voix à l'usage de tous ceux qui parlent ou chantent</subfield>
    </datafield>
  </record>