
  <record>
    <leader>00000ncc a2200000 u 4500</leader>
    <controlfield tag="001">1024</controlfield>
    <datafield tag="100" ind1=" " ind2=" ">
      <subfield code="a">Frati, L.</subfield>
    </datafield>
    <datafield tag="260" ind1=" " ind2=" ">
      <subfield code="a">Torino</subfield>
      <subfield code="b">G. Bocca</subfield>
      <subfield code="c">1914</subfield>
    </datafield>
    <datafield tag="500" ind1=" " ind2=" ">
      <subfield code="a">Contains: In: Rivista Musicale Italiana no. 21 (1914), p. 189–202</subfield>
    </datafield>
  </record>