
  <record>
    <leader>00000ncc a2200000 u 4500</leader>
    <controlfield tag="001">1025</controlfield>
    <datafield tag="100" ind1=" " ind2=" ">
      <subfield code="a">Paul, Ernst</subfield>
    </datafield>
    <datafield tag="260" ind1=" " ind2=" ">
      <subfield code="a">Dresden [et al.]</subfield>
      <subfield code="c">1914</subfield>
    </datafield>
    <datafield tag="500" ind1=" " ind2=" ">
      <subfield code="a">Contains: in two parts</subfield>
    </datafield>
  </record>