
  <record>
    <leader>00000ncc a2200000 u 4500</leader>
    <controlfield tag="001">1026</controlfield>
    <datafield tag="100" ind1=" " ind2=" ">
      <subfield code="a">Shaw, W. Warren</subfield>
    </datafield>
    <datafield tag="260" ind1=" " ind2=" ">
      <subfield code="a">Philadelphia</subfield>
      <subfield code="b">J. B. Lippincott</subfield>
      <subfield code="c">1914</subfield>
    </datafield>
    <datafield tag="500" ind1=" " ind2=" ">
      <subfield code="a">Contains: </subfield>
    </datafield>
  </record>