
  <record>
    <leader>00000ncc a2200000 u 4500</leader>
    <controlfield tag="001">1030</controlfield>
    <datafield tag="100" ind1=" " ind2=" ">
      <subfield code="a">Viardot-Garcia, Pauline</subfield>
    </datafield>
    <datafield tag="260" ind1=" " ind2=" ">
      <subfield code="a">Berlin</subfield>
      <subfield code="b">H. Heugel et fils</subfield>
      <subfield code="c">1915</subfield>
    </datafield>
    <datafield tag="500" ind1=" " ind2=" ">
      <subfield code="a">Contains: </subfield>
    </datafield>
  </record>