
  <record>
    <leader>00000ncc a2200000 u 4500</leader>
    <controlfield tag="001">1032</controlfield>
    <datafield tag="100" ind1=" " ind2=" ">
      <subfield code="a">Reinecke, Wilhelm</subfield>
    </datafield>
    <datafield tag="260" ind1=" " ind2=" ">
      <subfield code="a">Leipzig</subfield>
      <subfield code="b">Leuckart</subfield>
      <subfield code="c">1916</subfield>
    </datafield>
    <datafield tag="500" ind1=" " ind2=" ">
      <subfield code="a">Contains: </subfield>
    </datafield>
  </record>