
  <record>
    <leader>00000ncc a2200000 u 4500</leader>
    <controlfield tag="001">1038</controlfield>
    <datafield tag="100" ind1=" " ind2=" ">
      <subfield code="a">Hoffmann, C.</subfield>
    </datafield>
    <datafield tag="260" ind1=" " ind2=" ">
      <subfield code="a"/>
      <subfield code="c">1919</subfield>
    </datafield>
    <datafield tag="500" ind1=" " ind2=" ">
      <subfield code="a">Contains: in: Vox (1913), p. 27</subfield>
    </datafield>
  </record>