
  <record>
    <leader>00000ncc a2200000 u 4500</leader>
    <controlfield tag="001">1039</controlfield>
    <datafield tag="100" ind1=" " ind2=" ">
      <subfield code="a">David, D. Lucien</subfield>
    </datafield>
    <datafield tag="260" ind1=" " ind2=" ">
      <subfield code="a">Lyon</subfield>
      <subfield code="b">Janin</subfield>
      <subfield code="c">1919</subfield>
    </datafield>
    <datafield tag="500" ind1=" " ind2=" ">
      <subfield code="a">Contains: </subfield>
    </datafield>
  </record>