
  <record>
    <leader>00000ncc a2200000 u 4500</leader>
    <controlfield tag="001">1040</controlfield>
    <datafield tag="100" ind1=" " ind2=" ">
      <subfield code="a">Feuerlein, Ludwig</subfield>
    </datafield>
    <datafield tag="260" ind1=" " ind2=" ">
      <subfield code="a">Stuttgart</subfield>
      <subfield code="b">Mimir-Verlag</subfield>
      <subfield code="c">1919</subfield>
    </datafield>
    <datafield tag="500" ind1=" " ind2=" ">
      <subfield code="a">Contains: </subfield>
    </datafield>
  </record>