
  <record>
    <leader>00000ncc a2200000 u 4500</leader>
    <controlfield tag="001">1041</controlfield>
    <datafield tag="100" ind1=" " ind2=" ">
      <subfield code="a">Haller, Michael</subfield>
    </datafield>
    <datafield tag="260" ind1=" " ind2=" ">
      <subfield code="a">Regensburg</subfield>
      <subfield code="b">Friedrich Pustet</subfield>
      <subfield code="c">1919</subfield>
    </datafield>
    <datafield tag="500" ind1=" " ind2=" ">
      <subfield code="a">Contains: </subfield>
    </datafield>
  </record>