
  <record>
    <leader>00000ncc a2200000 u 4500</leader>
    <controlfield tag="001">1042</controlfield>
    <datafield tag="100" ind1=" " ind2=" ">
      <subfield code="a">Gutzmann, H.</subfield>
    </datafield>
    <datafield tag="260" ind1=" " ind2=" ">
      <subfield code="a">München [et al.]</subfield>
      <subfield code="b">J. F. Bergmann</subfield>
      <subfield code="c">1920</subfield>
    </datafield>
    <datafield tag="500" ind1=" " ind2=" ">
      <subfield code="a">Contains:  third. ed. </subfield>
    </datafield>
  </record>