
  <record>
    <leader>00000ncc a2200000 u 4500</leader>
    <controlfield tag="001">1045</controlfield>
    <datafield tag="100" ind1=" " ind2=" ">
      <subfield code="a">Dannenberg, Richard</subfield>
    </datafield>
    <datafield tag="260" ind1=" " ind2=" ">
      <subfield code="a">Berlin</subfield>
      <subfield code="b">M. Hesses Verlag</subfield>
      <subfield code="c">1920</subfield>
    </datafield>
    <datafield tag="500" ind1=" " ind2=" ">
      <subfield code="a">Contains: seventh volume of "Max Hesses Handbücher"</subfield>
    </datafield>
  </record>