
  <record>
    <leader>00000ncc a2200000 u 4500</leader>
    <controlfield tag="001">1049</controlfield>
    <datafield tag="100" ind1=" " ind2=" ">
      <subfield code="a">Rethi, Leopold</subfield>
    </datafield>
    <datafield tag="260" ind1=" " ind2=" ">
      <subfield code="a">Wien</subfield>
      <subfield code="b">Perles</subfield>
      <subfield code="c">1920</subfield>
    </datafield>
    <datafield tag="500" ind1=" " ind2=" ">
      <subfield code="a">Contains: </subfield>
    </datafield>
  </record>