
  <record>
    <leader>00000ncc a2200000 u 4500</leader>
    <controlfield tag="001">1051</controlfield>
    <datafield tag="100" ind1=" " ind2=" ">
      <subfield code="a">Roeder, Karl</subfield>
    </datafield>
    <datafield tag="260" ind1=" " ind2=" ">
      <subfield code="a">Neuwied [et al.]</subfield>
      <subfield code="b">Heulers Verlag</subfield>
      <subfield code="c">1920</subfield>
    </datafield>
    <datafield tag="500" ind1=" " ind2=" ">
      <subfield code="a">Contains: </subfield>
    </datafield>
  </record>