
  <record>
    <leader>00000ncc a2200000 u 4500</leader>
    <controlfield tag="001">1057</controlfield>
    <datafield tag="100" ind1=" " ind2=" ">
      <subfield code="a">Faber, Nicolaus and Aventinus, Johannes </subfield>
    </datafield>
    <datafield tag="260" ind1=" " ind2=" ">
      <subfield code="a">Augustae Vindelicorum [Augsburg]</subfield>
      <subfield code="b">Miller</subfield>
      <subfield code="c">1516</subfield>
    </datafield>
    <datafield tag="500" ind1=" " ind2=" ">
      <subfield code="a">Contains: </subfield>
    </datafield>
  </record>