
  <record>
    <leader>00000ncc a2200000 u 4500</leader>
    <controlfield tag="001">1058</controlfield>
    <datafield tag="100" ind1=" " ind2=" ">
      <subfield code="a">Ornithoparcus, Andreas</subfield>
    </datafield>
    <datafield tag="260" ind1=" " ind2=" ">
      <subfield code="a">Lipsiae [Leipzig]</subfield>
      <subfield code="b">V. Schumann</subfield>
      <subfield code="c">1517</subfield>
    </datafield>
    <datafield tag="500" ind1=" " ind2=" ">
      <subfield code="a">Contains: fourth and fifth Book: De arte cantandi; ed. 1519</subfield>
    </datafield>
  </record>