
  <record>
    <leader>00000ncc a2200000 u 4500</leader>
    <controlfield tag="001">1059</controlfield>
    <datafield tag="100" ind1=" " ind2=" ">
      <subfield code="a">Agricola, Martin</subfield>
    </datafield>
    <datafield tag="260" ind1=" " ind2=" ">
      <subfield code="a">Wittenberg</subfield>
      <subfield code="b">G. Rhau</subfield>
      <subfield code="c">1529</subfield>
    </datafield>
    <datafield tag="500" ind1=" " ind2=" ">
      <subfield code="a">Contains: </subfield>
    </datafield>
  </record>