
  <record>
    <leader>00000ncc a2200000 u 4500</leader>
    <controlfield tag="001">1061</controlfield>
    <datafield tag="100" ind1=" " ind2=" ">
      <subfield code="a">Heyden, Sebald</subfield>
    </datafield>
    <datafield tag="260" ind1=" " ind2=" ">
      <subfield code="a">Norimbergae [Nürnberg]</subfield>
      <subfield code="b">I. Petreium</subfield>
      <subfield code="c">1537</subfield>
    </datafield>
    <datafield tag="500" ind1=" " ind2=" ">
      <subfield code="a">Contains: </subfield>
    </datafield>
  </record>