
  <record>
    <leader>00000ncc a2200000 u 4500</leader>
    <controlfield tag="001">1063</controlfield>
    <datafield tag="100" ind1=" " ind2=" ">
      <subfield code="a">Aron, Pietro</subfield>
    </datafield>
    <datafield tag="260" ind1=" " ind2=" ">
      <subfield code="a">Milano</subfield>
      <subfield code="b">A. de Castelliono</subfield>
      <subfield code="c">1545</subfield>
    </datafield>
    <datafield tag="500" ind1=" " ind2=" ">
      <subfield code="a">Contains: c. 1545</subfield>
    </datafield>
  </record>