
  <record>
    <leader>00000ncc a2200000 u 4500</leader>
    <controlfield tag="001">1065</controlfield>
    <datafield tag="100" ind1=" " ind2=" ">
      <subfield code="a">Coclius, Adrian</subfield>
    </datafield>
    <datafield tag="260" ind1=" " ind2=" ">
      <subfield code="a">Norimbergae [Nürnberg]</subfield>
      <subfield code="b">J. Montani &amp; U. Neuberi</subfield>
      <subfield code="c">1552</subfield>
    </datafield>
    <datafield tag="500" ind1=" " ind2=" ">
      <subfield code="a">Contains: </subfield>
    </datafield>
  </record>