
  <record>
    <leader>00000ncc a2200000 u 4500</leader>
    <controlfield tag="001">1066</controlfield>
    <datafield tag="100" ind1=" " ind2=" ">
      <subfield code="a">Faber, Gregor</subfield>
    </datafield>
    <datafield tag="260" ind1=" " ind2=" ">
      <subfield code="a">Basileae [Basel]</subfield>
      <subfield code="b">H. Petri</subfield>
      <subfield code="c">1553</subfield>
    </datafield>
    <datafield tag="500" ind1=" " ind2=" ">
      <subfield code="a">Contains: </subfield>
    </datafield>
  </record>