
  <record>
    <leader>00000ncc a2200000 u 4500</leader>
    <controlfield tag="001">1069</controlfield>
    <datafield tag="100" ind1=" " ind2=" ">
      <subfield code="a">Finck, Hermann</subfield>
    </datafield>
    <datafield tag="260" ind1=" " ind2=" ">
      <subfield code="a">Vitebergae [Wittenberg]</subfield>
      <subfield code="b">G. Rhau</subfield>
      <subfield code="c">1556</subfield>
    </datafield>
    <datafield tag="500" ind1=" " ind2=" ">
      <subfield code="a">Contains: </subfield>
    </datafield>
  </record>