
  <record>
    <leader>00000ncc a2200000 u 4500</leader>
    <controlfield tag="001">1071</controlfield>
    <datafield tag="100" ind1=" " ind2=" ">
      <subfield code="a">Maffei da Solofra, Giovanni Camillo</subfield>
    </datafield>
    <datafield tag="260" ind1=" " ind2=" ">
      <subfield code="a">Napoli</subfield>
      <subfield code="b">R. Amato</subfield>
      <subfield code="c">1562</subfield>
    </datafield>
    <datafield tag="500" ind1=" " ind2=" ">
      <subfield code="a">Contains: "[…] dove v'è un Discorso della voce e del modo apparare di cantar di garganta, senza maestro"; extract in C.V. Palisca, The Florentine Camerata. Documentary Studies and Translations. New Haven 1989, p. 78-131</subfield>
    </datafield>
  </record>