
  <record>
    <leader>00000ncc a2200000 u 4500</leader>
    <controlfield tag="001">1073</controlfield>
    <datafield tag="100" ind1=" " ind2=" ">
      <subfield code="a">Roggius, Nicolaus [Rogge, Nikolaus]</subfield>
    </datafield>
    <datafield tag="260" ind1=" " ind2=" ">
      <subfield code="a">Norimbergae [Nürnberg]</subfield>
      <subfield code="b">U. Neuber &amp; T. Gerlatz</subfield>
      <subfield code="c">1566</subfield>
    </datafield>
    <datafield tag="500" ind1=" " ind2=" ">
      <subfield code="a">Contains: </subfield>
    </datafield>
  </record>