
  <record>
    <leader>00000ncc a2200000 u 4500</leader>
    <controlfield tag="001">1074</controlfield>
    <datafield tag="100" ind1=" " ind2=" ">
      <subfield code="a">Dressler, Gallus </subfield>
    </datafield>
    <datafield tag="260" ind1=" " ind2=" ">
      <subfield code="a">Madgeburgi [Madgeburg]</subfield>
      <subfield code="b">W. Kirchner</subfield>
      <subfield code="c">1571</subfield>
    </datafield>
    <datafield tag="500" ind1=" " ind2=" ">
      <subfield code="a">Contains: </subfield>
    </datafield>
  </record>