
  <record>
    <leader>00000ncc a2200000 u 4500</leader>
    <controlfield tag="001">1075</controlfield>
    <datafield tag="100" ind1=" " ind2=" ">
      <subfield code="a">Puschmann, Adam</subfield>
    </datafield>
    <datafield tag="260" ind1=" " ind2=" ">
      <subfield code="a">Görlitz</subfield>
      <subfield code="b">A. Fritsch</subfield>
      <subfield code="c">1571</subfield>
    </datafield>
    <datafield tag="500" ind1=" " ind2=" ">
      <subfield code="a">Contains: </subfield>
    </datafield>
  </record>