
  <record>
    <leader>00000ncc a2200000 u 4500</leader>
    <controlfield tag="001">1076</controlfield>
    <datafield tag="100" ind1=" " ind2=" ">
      <subfield code="a">Steinbrecher, Jacob</subfield>
    </datafield>
    <datafield tag="260" ind1=" " ind2=" ">
      <subfield code="a">Moulinhousae [Mühlhausen]</subfield>
      <subfield code="b">G. Hantzsch</subfield>
      <subfield code="c">1571</subfield>
    </datafield>
    <datafield tag="500" ind1=" " ind2=" ">
      <subfield code="a">Contains: </subfield>
    </datafield>
  </record>