
  <record>
    <leader>00000ncc a2200000 u 4500</leader>
    <controlfield tag="001">1077</controlfield>
    <datafield tag="100" ind1=" " ind2=" ">
      <subfield code="a">Bardi, Giovanni</subfield>
    </datafield>
    <datafield tag="260" ind1=" " ind2=" ">
      <subfield code="a"/>
      <subfield code="b">–</subfield>
      <subfield code="c">1578</subfield>
    </datafield>
    <datafield tag="500" ind1=" " ind2=" ">
      <subfield code="a">Contains: c. 1578</subfield>
    </datafield>
  </record>