
  <record>
    <leader>00000ncc a2200000 u 4500</leader>
    <controlfield tag="001">1078</controlfield>
    <datafield tag="100" ind1=" " ind2=" ">
      <subfield code="a">Beurhusius, Friedrich</subfield>
    </datafield>
    <datafield tag="260" ind1=" " ind2=" ">
      <subfield code="a">Tremoniae [Dortmund]</subfield>
      <subfield code="b">A. Sartorius</subfield>
      <subfield code="c">1581</subfield>
    </datafield>
    <datafield tag="500" ind1=" " ind2=" ">
      <subfield code="a">Contains: </subfield>
    </datafield>
  </record>