
  <record>
    <leader>00000ncc a2200000 u 4500</leader>
    <controlfield tag="001">1079</controlfield>
    <datafield tag="100" ind1=" " ind2=" ">
      <subfield code="a">Dalla Casa da Udene, Girolamo</subfield>
    </datafield>
    <datafield tag="260" ind1=" " ind2=" ">
      <subfield code="a">Venezia</subfield>
      <subfield code="b">A. Gardano</subfield>
      <subfield code="c">1584</subfield>
    </datafield>
    <datafield tag="500" ind1=" " ind2=" ">
      <subfield code="a">Contains: 2 vol.</subfield>
    </datafield>
  </record>