
  <record>
    <leader>00000ncc a2200000 u 4500</leader>
    <controlfield tag="001">1080</controlfield>
    <datafield tag="100" ind1=" " ind2=" ">
      <subfield code="a">Bassano, Giovanni</subfield>
    </datafield>
    <datafield tag="260" ind1=" " ind2=" ">
      <subfield code="a">Venezia</subfield>
      <subfield code="b">G. Vincenzi &amp; R. Amadino</subfield>
      <subfield code="c">1585</subfield>
    </datafield>
    <datafield tag="500" ind1=" " ind2=" ">
      <subfield code="a">Contains: </subfield>
    </datafield>
  </record>