
  <record>
    <leader>00000ncc a2200000 u 4500</leader>
    <controlfield tag="001">1082</controlfield>
    <datafield tag="100" ind1=" " ind2=" ">
      <subfield code="a">Bathe, William</subfield>
    </datafield>
    <datafield tag="260" ind1=" " ind2=" ">
      <subfield code="a">London</subfield>
      <subfield code="b">T. Este</subfield>
      <subfield code="c">1587</subfield>
    </datafield>
    <datafield tag="500" ind1=" " ind2=" ">
      <subfield code="a">Contains: c. 1587</subfield>
    </datafield>
  </record>