
  <record>
    <leader>00000ncc a2200000 u 4500</leader>
    <controlfield tag="001">1083</controlfield>
    <datafield tag="100" ind1=" " ind2=" ">
      <subfield code="a">Malagoli, Gaetano</subfield>
    </datafield>
    <datafield tag="260" ind1=" " ind2=" ">
      <subfield code="a">Bologna</subfield>
      <subfield code="b">Tipografia di S. Tommaso d'Aquino</subfield>
      <subfield code="c">1591</subfield>
    </datafield>
    <datafield tag="500" ind1=" " ind2=" ">
      <subfield code="a">Contains: </subfield>
    </datafield>
  </record>