
  <record>
    <leader>00000ncc a2200000 u 4500</leader>
    <controlfield tag="001">1084</controlfield>
    <datafield tag="100" ind1=" " ind2=" ">
      <subfield code="a">Schneegass, Cyriakus</subfield>
    </datafield>
    <datafield tag="260" ind1=" " ind2=" ">
      <subfield code="a">Erfurti [Erfurt]</subfield>
      <subfield code="b">G. Baumann</subfield>
      <subfield code="c">1591</subfield>
    </datafield>
    <datafield tag="500" ind1=" " ind2=" ">
      <subfield code="a">Contains: Appendix: Annexo ad finem tractatulo, ex poetica desumto: paucisque de canendi elegantia</subfield>
    </datafield>
  </record>