
  <record>
    <leader>00000ncc a2200000 u 4500</leader>
    <controlfield tag="001">1085</controlfield>
    <datafield tag="100" ind1=" " ind2=" ">
      <subfield code="a">Demantius, Christoph Johannes</subfield>
    </datafield>
    <datafield tag="260" ind1=" " ind2=" ">
      <subfield code="a">Bautzen</subfield>
      <subfield code="b">M. Wolrab</subfield>
      <subfield code="c">1592</subfield>
    </datafield>
    <datafield tag="500" ind1=" " ind2=" ">
      <subfield code="a">Contains: </subfield>
    </datafield>
  </record>