
  <record>
    <leader>00000ncc a2200000 u 4500</leader>
    <controlfield tag="001">1092</controlfield>
    <datafield tag="100" ind1=" " ind2=" ">
      <subfield code="a">Crusius, Johann</subfield>
    </datafield>
    <datafield tag="260" ind1=" " ind2=" ">
      <subfield code="a">Norimbergae [Nürnberg]</subfield>
      <subfield code="b">P. Kauffmann</subfield>
      <subfield code="c">1595</subfield>
    </datafield>
    <datafield tag="500" ind1=" " ind2=" ">
      <subfield code="a">Contains: </subfield>
    </datafield>
  </record>