
  <record>
    <leader>00000ncc a2200000 u 4500</leader>
    <controlfield tag="001">1093</controlfield>
    <datafield tag="100" ind1=" " ind2=" ">
      <subfield code="a">Ponzio, Pietro</subfield>
    </datafield>
    <datafield tag="260" ind1=" " ind2=" ">
      <subfield code="a">Parma</subfield>
      <subfield code="b">E. Viotto</subfield>
      <subfield code="c">1595</subfield>
    </datafield>
    <datafield tag="500" ind1=" " ind2=" ">
      <subfield code="a">Contains: </subfield>
    </datafield>
  </record>