
  <record>
    <leader>00000ncc a2200000 u 4500</leader>
    <controlfield tag="001">1094</controlfield>
    <datafield tag="100" ind1=" " ind2=" ">
      <subfield code="a">Scaletta, Orazio</subfield>
    </datafield>
    <datafield tag="260" ind1=" " ind2=" ">
      <subfield code="a">Como</subfield>
      <subfield code="c">1595</subfield>
    </datafield>
    <datafield tag="500" ind1=" " ind2=" ">
      <subfield code="a">Contains: seventh edition: Roma 1685</subfield>
    </datafield>
  </record>