
  <record>
    <leader>00000ncc a2200000 u 4500</leader>
    <controlfield tag="001">1095</controlfield>
    <datafield tag="100" ind1=" " ind2=" ">
      <subfield code="a">Bona, Valerio</subfield>
    </datafield>
    <datafield tag="260" ind1=" " ind2=" ">
      <subfield code="a">Milano</subfield>
      <subfield code="b">F. &amp; S. Tini</subfield>
      <subfield code="c">1596</subfield>
    </datafield>
    <datafield tag="500" ind1=" " ind2=" ">
      <subfield code="a">Contains: </subfield>
    </datafield>
  </record>