
  <record>
    <leader>00000ncc a2200000 u 4500</leader>
    <controlfield tag="001">1096</controlfield>
    <datafield tag="100" ind1=" " ind2=" ">
      <subfield code="a">Azpilcueta, Martin d' [Navarrus]</subfield>
    </datafield>
    <datafield tag="260" ind1=" " ind2=" ">
      <subfield code="a">Lugduni [Lyon]</subfield>
      <subfield code="c">1597</subfield>
    </datafield>
    <datafield tag="500" ind1=" " ind2=" ">
      <subfield code="a">Contains: </subfield>
    </datafield>
  </record>