
  <record>
    <leader>00000ncc a2200000 u 4500</leader>
    <controlfield tag="001">1099</controlfield>
    <datafield tag="100" ind1=" " ind2=" ">
      <subfield code="a">Palladius, David</subfield>
    </datafield>
    <datafield tag="260" ind1=" " ind2=" ">
      <subfield code="a">Helmstedt</subfield>
      <subfield code="b">J. Lucius</subfield>
      <subfield code="c">1599</subfield>
    </datafield>
    <datafield tag="500" ind1=" " ind2=" ">
      <subfield code="a">Contains: </subfield>
    </datafield>
  </record>