
  <record>
    <leader>00000ncc a2200000 u 4500</leader>
    <controlfield tag="001">1101</controlfield>
    <datafield tag="100" ind1=" " ind2=" ">
      <subfield code="a">Banchieri, Adriano</subfield>
    </datafield>
    <datafield tag="260" ind1=" " ind2=" ">
      <subfield code="a">Venezia</subfield>
      <subfield code="b">G. Vincenti</subfield>
      <subfield code="c">1601</subfield>
    </datafield>
    <datafield tag="500" ind1=" " ind2=" ">
      <subfield code="a">Contains: further editions: 1601, 1610, 1614, 1615, 1623</subfield>
    </datafield>
  </record>