
  <record>
    <leader>00000ncc a2200000 u 4500</leader>
    <controlfield tag="001">1102</controlfield>
    <datafield tag="100" ind1=" " ind2=" ">
      <subfield code="a">Caccini, Giulio</subfield>
    </datafield>
    <datafield tag="260" ind1=" " ind2=" ">
      <subfield code="a">Firenze</subfield>
      <subfield code="b">G. Marescotti</subfield>
      <subfield code="c">1601</subfield>
    </datafield>
    <datafield tag="500" ind1=" " ind2=" ">
      <subfield code="a">Contains: </subfield>
    </datafield>
  </record>