
  <record>
    <leader>00000ncc a2200000 u 4500</leader>
    <controlfield tag="001">1104</controlfield>
    <datafield tag="100" ind1=" " ind2=" ">
      <subfield code="a">Quitschreiber, Georg</subfield>
    </datafield>
    <datafield tag="260" ind1=" " ind2=" ">
      <subfield code="a">Jena</subfield>
      <subfield code="b">J. Weidner</subfield>
      <subfield code="c">1606</subfield>
    </datafield>
    <datafield tag="500" ind1=" " ind2=" ">
      <subfield code="a">Contains: </subfield>
    </datafield>
  </record>