
  <record>
    <leader>00000ncc a2200000 u 4500</leader>
    <controlfield tag="001">1105</controlfield>
    <datafield tag="100" ind1=" " ind2=" ">
      <subfield code="a">Severi, Francesco</subfield>
    </datafield>
    <datafield tag="260" ind1=" " ind2=" ">
      <subfield code="a">Roma</subfield>
      <subfield code="b">N. Borboni</subfield>
      <subfield code="c">1615</subfield>
    </datafield>
    <datafield tag="500" ind1=" " ind2=" ">
      <subfield code="a">Contains: </subfield>
    </datafield>
  </record>