
  <record>
    <leader>00000ncc a2200000 u 4500</leader>
    <controlfield tag="001">1106</controlfield>
    <datafield tag="100" ind1=" " ind2=" ">
      <subfield code="a">Friderici, Daniel</subfield>
    </datafield>
    <datafield tag="260" ind1=" " ind2=" ">
      <subfield code="a">Rostock</subfield>
      <subfield code="b">J. Hallervordt</subfield>
      <subfield code="c">1618</subfield>
    </datafield>
    <datafield tag="500" ind1=" " ind2=" ">
      <subfield code="a">Contains: second edition: 1619</subfield>
    </datafield>
  </record>