
  <record>
    <leader>00000ncc a2200000 u 4500</leader>
    <controlfield tag="001">1107</controlfield>
    <datafield tag="100" ind1=" " ind2=" ">
      <subfield code="a">Trautmann, Heinrich</subfield>
    </datafield>
    <datafield tag="260" ind1=" " ind2=" ">
      <subfield code="a">Kempten</subfield>
      <subfield code="b">C. Kraus</subfield>
      <subfield code="c">1618</subfield>
    </datafield>
    <datafield tag="500" ind1=" " ind2=" ">
      <subfield code="a">Contains: </subfield>
    </datafield>
  </record>