
  <record>
    <leader>00000ncc a2200000 u 4500</leader>
    <controlfield tag="001">1108</controlfield>
    <datafield tag="100" ind1=" " ind2=" ">
      <subfield code="a">Praetorius, Michael</subfield>
    </datafield>
    <datafield tag="260" ind1=" " ind2=" ">
      <subfield code="a">Wolfenbüttel</subfield>
      <subfield code="b">E. Holwein</subfield>
      <subfield code="c">1619</subfield>
    </datafield>
    <datafield tag="500" ind1=" " ind2=" ">
      <subfield code="a">Contains: third vol., ch. 9: Instructio pro Symphoniacis</subfield>
    </datafield>
  </record>