
  <record>
    <leader>00000ncc a2200000 u 4500</leader>
    <controlfield tag="001">1112</controlfield>
    <datafield tag="100" ind1=" " ind2=" ">
      <subfield code="a">Weide, Michael</subfield>
    </datafield>
    <datafield tag="260" ind1=" " ind2=" ">
      <subfield code="a">Danzig</subfield>
      <subfield code="b">A. Hünefeldt</subfield>
      <subfield code="c">1627</subfield>
    </datafield>
    <datafield tag="500" ind1=" " ind2=" ">
      <subfield code="a">Contains: </subfield>
    </datafield>
  </record>