
  <record>
    <leader>00000ncc a2200000 u 4500</leader>
    <controlfield tag="001">1113</controlfield>
    <datafield tag="100" ind1=" " ind2=" ">
      <subfield code="a">Mersenne, Marin</subfield>
    </datafield>
    <datafield tag="260" ind1=" " ind2=" ">
      <subfield code="a">Paris</subfield>
      <subfield code="b">S. Cramoisy</subfield>
      <subfield code="c">1636</subfield>
    </datafield>
    <datafield tag="500" ind1=" " ind2=" ">
      <subfield code="a">Contains: vol. 6: "L'art de bien chanter"</subfield>
    </datafield>
  </record>