
  <record>
    <leader>00000ncc a2200000 u 4500</leader>
    <controlfield tag="001">1115</controlfield>
    <datafield tag="100" ind1=" " ind2=" ">
      <subfield code="a">Herbst, Johann Andreas</subfield>
    </datafield>
    <datafield tag="260" ind1=" " ind2=" ">
      <subfield code="a">Nürnberg</subfield>
      <subfield code="b">J. Dümler</subfield>
      <subfield code="c">1642</subfield>
    </datafield>
    <datafield tag="500" ind1=" " ind2=" ">
      <subfield code="a">Contains: </subfield>
    </datafield>
  </record>