
  <record>
    <leader>00000ncc a2200000 u 4500</leader>
    <controlfield tag="001">1116</controlfield>
    <datafield tag="100" ind1=" " ind2=" ">
      <subfield code="a">Bernhard, Christoph</subfield>
    </datafield>
    <datafield tag="260" ind1=" " ind2=" ">
      <subfield code="a">Dresden</subfield>
      <subfield code="b">–</subfield>
      <subfield code="c">1650</subfield>
    </datafield>
    <datafield tag="500" ind1=" " ind2=" ">
      <subfield code="a">Contains: c. 1650; in: Joseph Müller-Blattau, Die Kompositionslehre Heinrich Schützens in der Fassung seines Schülers Christoph Bernhard, Kassel 1999; link: modern English translation; for MS copy see furthermore: "Von der Singe-Kunst oder Maniera" in zvdd.de</subfield>
    </datafield>
  </record>