
  <record>
    <leader>00000ncc a2200000 u 4500</leader>
    <controlfield tag="001">1117</controlfield>
    <datafield tag="100" ind1=" " ind2=" ">
      <subfield code="a">Gleich, Andreas</subfield>
    </datafield>
    <datafield tag="260" ind1=" " ind2=" ">
      <subfield code="a">Jena</subfield>
      <subfield code="b">S. Krebs</subfield>
      <subfield code="c">1651</subfield>
    </datafield>
    <datafield tag="500" ind1=" " ind2=" ">
      <subfield code="a">Contains: in: Compendium musicum instrumentale</subfield>
    </datafield>
  </record>