
  <record>
    <leader>00000ncc a2200000 u 4500</leader>
    <controlfield tag="001">1118</controlfield>
    <datafield tag="100" ind1=" " ind2=" ">
      <subfield code="a">Herbst, Johann Andreas</subfield>
    </datafield>
    <datafield tag="260" ind1=" " ind2=" ">
      <subfield code="a">Frankfurt am Main</subfield>
      <subfield code="b">G. Müller</subfield>
      <subfield code="c">1653</subfield>
    </datafield>
    <datafield tag="500" ind1=" " ind2=" ">
      <subfield code="a">Contains: </subfield>
    </datafield>
  </record>