
  <record>
    <leader>00000ncc a2200000 u 4500</leader>
    <controlfield tag="001">1119</controlfield>
    <datafield tag="100" ind1=" " ind2=" ">
      <subfield code="a">Playford, John</subfield>
    </datafield>
    <datafield tag="260" ind1=" " ind2=" ">
      <subfield code="a">London</subfield>
      <subfield code="b">J. Playford</subfield>
      <subfield code="c">1654</subfield>
    </datafield>
    <datafield tag="500" ind1=" " ind2=" ">
      <subfield code="a">Contains: 3 vol.; further editions: 1655, 1671, 1683, 1694, 1703, 1724</subfield>
    </datafield>
  </record>