
  <record>
    <leader>00000ncc a2200000 u 4500</leader>
    <controlfield tag="001">1121</controlfield>
    <datafield tag="100" ind1=" " ind2=" ">
      <subfield code="a">Crüger, Johann</subfield>
    </datafield>
    <datafield tag="260" ind1=" " ind2=" ">
      <subfield code="a">Berlin</subfield>
      <subfield code="b">The Author</subfield>
      <subfield code="c">1660</subfield>
    </datafield>
    <datafield tag="500" ind1=" " ind2=" ">
      <subfield code="a">Contains: </subfield>
    </datafield>
  </record>