
  <record>
    <leader>00000ncc a2200000 u 4500</leader>
    <controlfield tag="001">1123</controlfield>
    <datafield tag="100" ind1=" " ind2=" ">
      <subfield code="a">Millet, Jean</subfield>
    </datafield>
    <datafield tag="260" ind1=" " ind2=" ">
      <subfield code="a">Lyon</subfield>
      <subfield code="b">J. Grégoire</subfield>
      <subfield code="c">1666</subfield>
    </datafield>
    <datafield tag="500" ind1=" " ind2=" ">
      <subfield code="a">Contains: </subfield>
    </datafield>
  </record>