
  <record>
    <leader>00000ncc a2200000 u 4500</leader>
    <controlfield tag="001">1124</controlfield>
    <datafield tag="100" ind1=" " ind2=" ">
      <subfield code="a">de Bacilly, Bénigne </subfield>
    </datafield>
    <datafield tag="260" ind1=" " ind2=" ">
      <subfield code="a">Paris</subfield>
      <subfield code="b">C. Ballard</subfield>
      <subfield code="c">1668</subfield>
    </datafield>
    <datafield tag="500" ind1=" " ind2=" ">
      <subfield code="a">Contains: Link: 1688 edition (Paris, Blagéart)</subfield>
    </datafield>
  </record>