
  <record>
    <leader>00000ncc a2200000 u 4500</leader>
    <controlfield tag="001">1125</controlfield>
    <datafield tag="100" ind1=" " ind2=" ">
      <subfield code="a">Marinelli, Giulio Cesare</subfield>
    </datafield>
    <datafield tag="260" ind1=" " ind2=" ">
      <subfield code="a">Bologna</subfield>
      <subfield code="b">G. Monti</subfield>
      <subfield code="c">1668</subfield>
    </datafield>
    <datafield tag="500" ind1=" " ind2=" ">
      <subfield code="a">Contains: second edition 1671</subfield>
    </datafield>
  </record>