
  <record>
    <leader>00000ncc a2200000 u 4500</leader>
    <controlfield tag="001">1127</controlfield>
    <datafield tag="100" ind1=" " ind2=" ">
      <subfield code="a">Printz, Wolfgang Caspar </subfield>
    </datafield>
    <datafield tag="260" ind1=" " ind2=" ">
      <subfield code="a">Guben</subfield>
      <subfield code="b">C. Gruber</subfield>
      <subfield code="c">1671</subfield>
    </datafield>
    <datafield tag="500" ind1=" " ind2=" ">
      <subfield code="a">Contains: </subfield>
    </datafield>
  </record>