
  <record>
    <leader>00000ncc a2200000 u 4500</leader>
    <controlfield tag="001">1129</controlfield>
    <datafield tag="100" ind1=" " ind2=" ">
      <subfield code="a">Penna, Lorenzo</subfield>
    </datafield>
    <datafield tag="260" ind1=" " ind2=" ">
      <subfield code="a">Bologna</subfield>
      <subfield code="b">G. Monti</subfield>
      <subfield code="c">1672</subfield>
    </datafield>
    <datafield tag="500" ind1=" " ind2=" ">
      <subfield code="a">Contains: Link: 1679 edition</subfield>
    </datafield>
  </record>