
  <record>
    <leader>00000ncc a2200000 u 4500</leader>
    <controlfield tag="001">1130</controlfield>
    <datafield tag="100" ind1=" " ind2=" ">
      <subfield code="a">Quirsfeld, Johann</subfield>
    </datafield>
    <datafield tag="260" ind1=" " ind2=" ">
      <subfield code="a">Dresden</subfield>
      <subfield code="b">G. Lesche</subfield>
      <subfield code="c">1675</subfield>
    </datafield>
    <datafield tag="500" ind1=" " ind2=" ">
      <subfield code="a">Contains: Link: 1717 edition</subfield>
    </datafield>
  </record>