
  <record>
    <leader>00000ncc a2200000 u 4500</leader>
    <controlfield tag="001">1132</controlfield>
    <datafield tag="100" ind1=" " ind2=" ">
      <subfield code="a">Reggio, Pietro</subfield>
    </datafield>
    <datafield tag="260" ind1=" " ind2=" ">
      <subfield code="a">Oxford</subfield>
      <subfield code="b">"Printed by L.L. for the author"</subfield>
      <subfield code="c">1677</subfield>
    </datafield>
    <datafield tag="500" ind1=" " ind2=" ">
      <subfield code="a">Contains: </subfield>
    </datafield>
  </record>