
  <record>
    <leader>00000ncc a2200000 u 4500</leader>
    <controlfield tag="001">1134</controlfield>
    <datafield tag="100" ind1=" " ind2=" ">
      <subfield code="a">Rousseau, Jean</subfield>
    </datafield>
    <datafield tag="260" ind1=" " ind2=" ">
      <subfield code="a">Paris</subfield>
      <subfield code="b">Galliard</subfield>
      <subfield code="c">1682</subfield>
    </datafield>
    <datafield tag="500" ind1=" " ind2=" ">
      <subfield code="a">Contains: Later copy as manuscript</subfield>
    </datafield>
  </record>