
  <record>
    <leader>00000ncc a2200000 u 4500</leader>
    <controlfield tag="001">1135</controlfield>
    <datafield tag="100" ind1=" " ind2=" ">
      <subfield code="a">Mylius, Wolfgang Michael </subfield>
    </datafield>
    <datafield tag="260" ind1=" " ind2=" ">
      <subfield code="a">Gotha</subfield>
      <subfield code="b">Brückner</subfield>
      <subfield code="c">1685</subfield>
    </datafield>
    <datafield tag="500" ind1=" " ind2=" ">
      <subfield code="a">Contains: Link: second edition 1686</subfield>
    </datafield>
  </record>