
  <record>
    <leader>00000ncc a2200000 u 4500</leader>
    <controlfield tag="001">1137</controlfield>
    <datafield tag="100" ind1=" " ind2=" ">
      <subfield code="a">Speer, Daniel</subfield>
    </datafield>
    <datafield tag="260" ind1=" " ind2=" ">
      <subfield code="a">Ulm</subfield>
      <subfield code="b">G. W. Kühnen</subfield>
      <subfield code="c">1687</subfield>
    </datafield>
    <datafield tag="500" ind1=" " ind2=" ">
      <subfield code="a">Contains: Link: 1697 edition</subfield>
    </datafield>
  </record>