
  <record>
    <leader>00000ncc a2200000 u 4500</leader>
    <controlfield tag="001">1139</controlfield>
    <datafield tag="100" ind1=" " ind2=" ">
      <subfield code="a">Falck, Georg </subfield>
    </datafield>
    <datafield tag="260" ind1=" " ind2=" ">
      <subfield code="a">Nürnberg</subfield>
      <subfield code="b">W. M. Endter</subfield>
      <subfield code="c">1688</subfield>
    </datafield>
    <datafield tag="500" ind1=" " ind2=" ">
      <subfield code="a">Contains: </subfield>
    </datafield>
  </record>