
  <record>
    <leader>00000ncc a2200000 u 4500</leader>
    <controlfield tag="001">1141</controlfield>
    <datafield tag="100" ind1=" " ind2=" ">
      <subfield code="a">Printz, Wolfgang Caspar </subfield>
    </datafield>
    <datafield tag="260" ind1=" " ind2=" ">
      <subfield code="a">Dresden</subfield>
      <subfield code="b">J. C. Mieth </subfield>
      <subfield code="c">1690</subfield>
    </datafield>
    <datafield tag="500" ind1=" " ind2=" ">
      <subfield code="a">Contains: </subfield>
    </datafield>
  </record>