
  <record>
    <leader>00000ncc a2200000 u 4500</leader>
    <controlfield tag="001">1142</controlfield>
    <datafield tag="100" ind1=" " ind2=" ">
      <subfield code="a">Stierlein, Johann Christoph </subfield>
    </datafield>
    <datafield tag="260" ind1=" " ind2=" ">
      <subfield code="a">Stuttgart</subfield>
      <subfield code="b">T. F. Coccyus</subfield>
      <subfield code="c">1691</subfield>
    </datafield>
    <datafield tag="500" ind1=" " ind2=" ">
      <subfield code="a">Contains: </subfield>
    </datafield>
  </record>