
  <record>
    <leader>00000ncc a2200000 u 4500</leader>
    <controlfield tag="001">1143</controlfield>
    <datafield tag="100" ind1=" " ind2=" ">
      <subfield code="a">Angelini Bontempi, Giovanni Andrea </subfield>
    </datafield>
    <datafield tag="260" ind1=" " ind2=" ">
      <subfield code="a">Perugia</subfield>
      <subfield code="b">L. Costantini</subfield>
      <subfield code="c">1695</subfield>
    </datafield>
    <datafield tag="500" ind1=" " ind2=" ">
      <subfield code="a">Contains: </subfield>
    </datafield>
  </record>