
  <record>
    <leader>00000ncc a2200000 u 4500</leader>
    <controlfield tag="001">1144</controlfield>
    <datafield tag="100" ind1=" " ind2=" ">
      <subfield code="a">Feyertag, Moritz</subfield>
    </datafield>
    <datafield tag="260" ind1=" " ind2=" ">
      <subfield code="a">Duderstadt</subfield>
      <subfield code="b">J. J. Hunoldt</subfield>
      <subfield code="c">1695</subfield>
    </datafield>
    <datafield tag="500" ind1=" " ind2=" ">
      <subfield code="a">Contains: </subfield>
    </datafield>
  </record>