
  <record>
    <leader>00000ncc a2200000 u 4500</leader>
    <controlfield tag="001">1146</controlfield>
    <datafield tag="100" ind1=" " ind2=" ">
      <subfield code="a">Ahle, Johann Rudolph </subfield>
    </datafield>
    <datafield tag="260" ind1=" " ind2=" ">
      <subfield code="a">Mühlhausen</subfield>
      <subfield code="b">T. D. Brückner</subfield>
      <subfield code="c">1699</subfield>
    </datafield>
    <datafield tag="500" ind1=" " ind2=" ">
      <subfield code="a">Contains: </subfield>
    </datafield>
  </record>