
  <record>
    <leader>00000ncc a2200000 u 4500</leader>
    <controlfield tag="001">1147</controlfield>
    <datafield tag="100" ind1=" " ind2=" ">
      <subfield code="a">Bachofen, Johann Caspar</subfield>
    </datafield>
    <datafield tag="260" ind1=" " ind2=" ">
      <subfield code="a">Zürich</subfield>
      <subfield code="b">Gessner</subfield>
      <subfield code="c">1700</subfield>
    </datafield>
    <datafield tag="500" ind1=" " ind2=" ">
      <subfield code="a">Contains: c. 1700-1750</subfield>
    </datafield>
  </record>