
  <record>
    <leader>00000ncc a2200000 u 4500</leader>
    <controlfield tag="001">1148</controlfield>
    <datafield tag="100" ind1=" " ind2=" ">
      <subfield code="a">Dodart, Denis</subfield>
    </datafield>
    <datafield tag="260" ind1=" " ind2=" ">
      <subfield code="a">Paris</subfield>
      <subfield code="b">G. Martin [et al.]</subfield>
      <subfield code="c">1700</subfield>
    </datafield>
    <datafield tag="500" ind1=" " ind2=" ">
      <subfield code="a">Contains: in: Histoire et memoires de l'Académie royale des sciences (p. 244-293)</subfield>
    </datafield>
  </record>