
  <record>
    <leader>00000ncc a2200000 u 4500</leader>
    <controlfield tag="001">1149</controlfield>
    <datafield tag="100" ind1=" " ind2=" ">
      <subfield code="a">Fux, Johann Joseph</subfield>
    </datafield>
    <datafield tag="260" ind1=" " ind2=" ">
      <subfield code="a">Wien</subfield>
      <subfield code="b">–</subfield>
      <subfield code="c">1700</subfield>
    </datafield>
    <datafield tag="500" ind1=" " ind2=" ">
      <subfield code="a">Contains: probably Wien; in: Sämtliche Werke 7/2, ed. by E. Badura-Skoda, Graz, 1993 </subfield>
    </datafield>
  </record>