
  <record>
    <leader>00000ncc a2200000 u 4500</leader>
    <controlfield tag="001">1150</controlfield>
    <datafield tag="100" ind1=" " ind2=" ">
      <subfield code="a">Martini, Adam Sigismund</subfield>
    </datafield>
    <datafield tag="260" ind1=" " ind2=" ">
      <subfield code="a">Giessen</subfield>
      <subfield code="c">1700</subfield>
    </datafield>
    <datafield tag="500" ind1=" " ind2=" ">
      <subfield code="a">Contains: no extant copy detectable</subfield>
    </datafield>
  </record>