
  <record>
    <leader>00000ncc a2200000 u 4500</leader>
    <controlfield tag="001">1151</controlfield>
    <datafield tag="100" ind1=" " ind2=" ">
      <subfield code="a">Bononcini, Giovanni Maria</subfield>
    </datafield>
    <datafield tag="260" ind1=" " ind2=" ">
      <subfield code="a">Stuttgart</subfield>
      <subfield code="b">P. Treu</subfield>
      <subfield code="c">1701</subfield>
    </datafield>
    <datafield tag="500" ind1=" " ind2=" ">
      <subfield code="a">Contains: German translation</subfield>
    </datafield>
  </record>