
  <record>
    <leader>00000ncc a2200000 u 4500</leader>
    <controlfield tag="001">1152</controlfield>
    <datafield tag="100" ind1=" " ind2=" ">
      <subfield code="a">Janowka, Thomas Balthasar</subfield>
    </datafield>
    <datafield tag="260" ind1=" " ind2=" ">
      <subfield code="a">Praga [Prague]</subfield>
      <subfield code="b">G. Labaun</subfield>
      <subfield code="c">1701</subfield>
    </datafield>
    <datafield tag="500" ind1=" " ind2=" ">
      <subfield code="a">Contains: </subfield>
    </datafield>
  </record>