
  <record>
    <leader>00000ncc a2200000 u 4500</leader>
    <controlfield tag="001">1153</controlfield>
    <datafield tag="100" ind1=" " ind2=" ">
      <subfield code="a">Ruffa, Girolamo</subfield>
    </datafield>
    <datafield tag="260" ind1=" " ind2=" ">
      <subfield code="a">Napoli</subfield>
      <subfield code="b">De Bonis</subfield>
      <subfield code="c">1701</subfield>
    </datafield>
    <datafield tag="500" ind1=" " ind2=" ">
      <subfield code="a">Contains: </subfield>
    </datafield>
  </record>