
  <record>
    <leader>00000ncc a2200000 u 4500</leader>
    <controlfield tag="001">1156</controlfield>
    <datafield tag="100" ind1=" " ind2=" ">
      <subfield code="a">Raguenet, François</subfield>
    </datafield>
    <datafield tag="260" ind1=" " ind2=" ">
      <subfield code="a">Paris</subfield>
      <subfield code="b">J. Moreau</subfield>
      <subfield code="c">1702</subfield>
    </datafield>
    <datafield tag="500" ind1=" " ind2=" ">
      <subfield code="a">Contains: Transcription in modern characters in http://www.taieb.net/auteurs/Raguenet/paralele_1702.html</subfield>
    </datafield>
  </record>