
  <record>
    <leader>00000ncc a2200000 u 4500</leader>
    <controlfield tag="001">1157</controlfield>
    <datafield tag="100" ind1=" " ind2=" ">
      <subfield code="a">Beyer, Johann Samuel</subfield>
    </datafield>
    <datafield tag="260" ind1=" " ind2=" ">
      <subfield code="a">Freiberg</subfield>
      <subfield code="b">E. N. Ruhfus</subfield>
      <subfield code="c">1703</subfield>
    </datafield>
    <datafield tag="500" ind1=" " ind2=" ">
      <subfield code="a">Contains: </subfield>
    </datafield>
  </record>