
  <record>
    <leader>00000ncc a2200000 u 4500</leader>
    <controlfield tag="001">1158</controlfield>
    <datafield tag="100" ind1=" " ind2=" ">
      <subfield code="a">Brossard, Sébastien de</subfield>
    </datafield>
    <datafield tag="260" ind1=" " ind2=" ">
      <subfield code="a">Paris</subfield>
      <subfield code="b">C. Ballard</subfield>
      <subfield code="c">1703</subfield>
    </datafield>
    <datafield tag="500" ind1=" " ind2=" ">
      <subfield code="a">Contains: </subfield>
    </datafield>
  </record>