
  <record>
    <leader>00000ncc a2200000 u 4500</leader>
    <controlfield tag="001">1159</controlfield>
    <datafield tag="100" ind1=" " ind2=" ">
      <subfield code="a">Dorrington, Theophilus</subfield>
    </datafield>
    <datafield tag="260" ind1=" " ind2=" ">
      <subfield code="a">London</subfield>
      <subfield code="b">H. Clark for A. &amp; J. Churchill</subfield>
      <subfield code="c">1704</subfield>
    </datafield>
    <datafield tag="500" ind1=" " ind2=" ">
      <subfield code="a">Contains: </subfield>
    </datafield>
  </record>