
  <record>
    <leader>00000ncc a2200000 u 4500</leader>
    <controlfield tag="001">1160</controlfield>
    <datafield tag="100" ind1=" " ind2=" ">
      <subfield code="a">Le Cerf de la Viéville</subfield>
    </datafield>
    <datafield tag="260" ind1=" " ind2=" ">
      <subfield code="a">Bruxelles</subfield>
      <subfield code="b">F. Foppens</subfield>
      <subfield code="c">1705</subfield>
    </datafield>
    <datafield tag="500" ind1=" " ind2=" ">
      <subfield code="a">Contains: </subfield>
    </datafield>
  </record>