
  <record>
    <leader>00000ncc a2200000 u 4500</leader>
    <controlfield tag="001">1162</controlfield>
    <datafield tag="100" ind1=" " ind2=" ">
      <subfield code="a">Montaños [Montanos], Francisco de</subfield>
    </datafield>
    <datafield tag="260" ind1=" " ind2=" ">
      <subfield code="a">Madrid</subfield>
      <subfield code="b">D. L. Ximenez</subfield>
      <subfield code="c">1705</subfield>
    </datafield>
    <datafield tag="500" ind1=" " ind2=" ">
      <subfield code="a">Contains: </subfield>
    </datafield>
  </record>