
  <record>
    <leader>00000ncc a2200000 u 4500</leader>
    <controlfield tag="001">1163</controlfield>
    <datafield tag="100" ind1=" " ind2=" ">
      <subfield code="a">Sperling, Johann Peter</subfield>
    </datafield>
    <datafield tag="260" ind1=" " ind2=" ">
      <subfield code="a">Bautzen</subfield>
      <subfield code="b">A. Richter</subfield>
      <subfield code="c">1705</subfield>
    </datafield>
    <datafield tag="500" ind1=" " ind2=" ">
      <subfield code="a">Contains: </subfield>
    </datafield>
  </record>