
  <record>
    <leader>00000ncc a2200000 u 4500</leader>
    <controlfield tag="001">1166</controlfield>
    <datafield tag="100" ind1=" " ind2=" ">
      <subfield code="a">Tevo, Zaccaria</subfield>
    </datafield>
    <datafield tag="260" ind1=" " ind2=" ">
      <subfield code="a">Venezia</subfield>
      <subfield code="b">Antonio Bartoli</subfield>
      <subfield code="c">1706</subfield>
    </datafield>
    <datafield tag="500" ind1=" " ind2=" ">
      <subfield code="a">Contains: </subfield>
    </datafield>
  </record>