
  <record>
    <leader>00000ncc a2200000 u 4500</leader>
    <controlfield tag="001">1167</controlfield>
    <datafield tag="100" ind1=" " ind2=" ">
      <subfield code="a">Til, Salomon van</subfield>
    </datafield>
    <datafield tag="260" ind1=" " ind2=" ">
      <subfield code="a">Leipzig</subfield>
      <subfield code="b">M. Groot</subfield>
      <subfield code="c">1706</subfield>
    </datafield>
    <datafield tag="500" ind1=" " ind2=" ">
      <subfield code="a">Contains: "Von dem Ursprung und Anfang der Singe-Kunst" (p. 1–38)</subfield>
    </datafield>
  </record>