
  <record>
    <leader>00000ncc a2200000 u 4500</leader>
    <controlfield tag="001">1169</controlfield>
    <datafield tag="100" ind1=" " ind2=" ">
      <subfield code="a">Murschhauser, Franz Xaver Anton</subfield>
    </datafield>
    <datafield tag="260" ind1=" " ind2=" ">
      <subfield code="a">München</subfield>
      <subfield code="b">The Author</subfield>
      <subfield code="c">1707</subfield>
    </datafield>
    <datafield tag="500" ind1=" " ind2=" ">
      <subfield code="a">Contains: </subfield>
    </datafield>
  </record>