
  <record>
    <leader>00000ncc a2200000 u 4500</leader>
    <controlfield tag="001">1170</controlfield>
    <datafield tag="100" ind1=" " ind2=" ">
      <subfield code="a">Sperling, Johann Peter</subfield>
    </datafield>
    <datafield tag="260" ind1=" " ind2=" ">
      <subfield code="a">Görlitz [et al.]</subfield>
      <subfield code="b">J.G. Laurentio</subfield>
      <subfield code="c">1708</subfield>
    </datafield>
    <datafield tag="500" ind1=" " ind2=" ">
      <subfield code="a">Contains: </subfield>
    </datafield>
  </record>