
  <record>
    <leader>00000ncc a2200000 u 4500</leader>
    <controlfield tag="001">1171</controlfield>
    <datafield tag="100" ind1=" " ind2=" ">
      <subfield code="a">Adami da Bolsena, Andrea</subfield>
    </datafield>
    <datafield tag="260" ind1=" " ind2=" ">
      <subfield code="a">Roma</subfield>
      <subfield code="b">A. de' Rossi</subfield>
      <subfield code="c">1711</subfield>
    </datafield>
    <datafield tag="500" ind1=" " ind2=" ">
      <subfield code="a">Contains: </subfield>
    </datafield>
  </record>