
  <record>
    <leader>00000ncc a2200000 u 4500</leader>
    <controlfield tag="001">1172</controlfield>
    <datafield tag="100" ind1=" " ind2=" ">
      <subfield code="a">Abicht, Johann Georg</subfield>
    </datafield>
    <datafield tag="260" ind1=" " ind2=" ">
      <subfield code="a">Leipzig</subfield>
      <subfield code="b">A. M. Schede</subfield>
      <subfield code="c">1713</subfield>
    </datafield>
    <datafield tag="500" ind1=" " ind2=" ">
      <subfield code="a">Contains: </subfield>
    </datafield>
  </record>