
  <record>
    <leader>00000ncc a2200000 u 4500</leader>
    <controlfield tag="001">1173</controlfield>
    <datafield tag="100" ind1=" " ind2=" ">
      <subfield code="a">Sangiovanni, Geminiano</subfield>
    </datafield>
    <datafield tag="260" ind1=" " ind2=" ">
      <subfield code="a">Modena</subfield>
      <subfield code="b">B. Soliani</subfield>
      <subfield code="c">1714</subfield>
    </datafield>
    <datafield tag="500" ind1=" " ind2=" ">
      <subfield code="a">Contains: </subfield>
    </datafield>
  </record>