
  <record>
    <leader>00000ncc a2200000 u 4500</leader>
    <controlfield tag="001">1175</controlfield>
    <datafield tag="100" ind1=" " ind2=" ">
      <subfield code="a">Robinson, Daniel</subfield>
    </datafield>
    <datafield tag="260" ind1=" " ind2=" ">
      <subfield code="a">Nottingham</subfield>
      <subfield code="b">J. Collyer</subfield>
      <subfield code="c">1715</subfield>
    </datafield>
    <datafield tag="500" ind1=" " ind2=" ">
      <subfield code="a">Contains: </subfield>
    </datafield>
  </record>