
  <record>
    <leader>00000ncc a2200000 u 4500</leader>
    <controlfield tag="001">1178</controlfield>
    <datafield tag="100" ind1=" " ind2=" ">
      <subfield code="a">Buttstett [Buttstedt], Johann H.</subfield>
    </datafield>
    <datafield tag="260" ind1=" " ind2=" ">
      <subfield code="a">Leipzig</subfield>
      <subfield code="b">O. F. Werther</subfield>
      <subfield code="c">1717</subfield>
    </datafield>
    <datafield tag="500" ind1=" " ind2=" ">
      <subfield code="a">Contains: </subfield>
    </datafield>
  </record>