
  <record>
    <leader>00000ncc a2200000 u 4500</leader>
    <controlfield tag="001">1180</controlfield>
    <datafield tag="100" ind1=" " ind2=" ">
      <subfield code="a">Fokkerodt, Johann A.</subfield>
    </datafield>
    <datafield tag="260" ind1=" " ind2=" ">
      <subfield code="a">Bielefeld</subfield>
      <subfield code="b">Bädekers Witwe</subfield>
      <subfield code="c">1718</subfield>
    </datafield>
    <datafield tag="500" ind1=" " ind2=" ">
      <subfield code="a">Contains: </subfield>
    </datafield>
  </record>