
  <record>
    <leader>00000ncc a2200000 u 4500</leader>
    <controlfield tag="001">1182</controlfield>
    <datafield tag="100" ind1=" " ind2=" ">
      <subfield code="a">Mather, Cotton</subfield>
    </datafield>
    <datafield tag="260" ind1=" " ind2=" ">
      <subfield code="a">Boston</subfield>
      <subfield code="b">B. Green for S. Gerrish</subfield>
      <subfield code="c">1721</subfield>
    </datafield>
    <datafield tag="500" ind1=" " ind2=" ">
      <subfield code="a">Contains: </subfield>
    </datafield>
  </record>