
  <record>
    <leader>00000ncc a2200000 u 4500</leader>
    <controlfield tag="001">1183</controlfield>
    <datafield tag="100" ind1=" " ind2=" ">
      <subfield code="a">Justinus, R. P.</subfield>
    </datafield>
    <datafield tag="260" ind1=" " ind2=" ">
      <subfield code="a">Augsburg [et al.]</subfield>
      <subfield code="b">J. C. Bencards Witwe und Söhne</subfield>
      <subfield code="c">1723</subfield>
    </datafield>
    <datafield tag="500" ind1=" " ind2=" ">
      <subfield code="a">Contains: </subfield>
    </datafield>
  </record>