
  <record>
    <leader>00000ncc a2200000 u 4500</leader>
    <controlfield tag="001">1184</controlfield>
    <datafield tag="100" ind1=" " ind2=" ">
      <subfield code="a">Symmes, Thomas</subfield>
    </datafield>
    <datafield tag="260" ind1=" " ind2=" ">
      <subfield code="a">Boston</subfield>
      <subfield code="b">B. Green</subfield>
      <subfield code="c">1723</subfield>
    </datafield>
    <datafield tag="500" ind1=" " ind2=" ">
      <subfield code="a">Contains: </subfield>
    </datafield>
  </record>