
  <record>
    <leader>00000ncc a2200000 u 4500</leader>
    <controlfield tag="001">1185</controlfield>
    <datafield tag="100" ind1=" " ind2=" ">
      <subfield code="a">Tosi, Pier Francesco</subfield>
    </datafield>
    <datafield tag="260" ind1=" " ind2=" ">
      <subfield code="a">Bologna</subfield>
      <subfield code="b">L. della Volpe</subfield>
      <subfield code="c">1723</subfield>
    </datafield>
    <datafield tag="500" ind1=" " ind2=" ">
      <subfield code="a">Contains: </subfield>
    </datafield>
  </record>