
  <record>
    <leader>00000ncc a2200000 u 4500</leader>
    <controlfield tag="001">1189</controlfield>
    <datafield tag="100" ind1=" " ind2=" ">
      <subfield code="a">Telemann, Georg Philipp</subfield>
    </datafield>
    <datafield tag="260" ind1=" " ind2=" ">
      <subfield code="a">Hamburg</subfield>
      <subfield code="b">The Autor</subfield>
      <subfield code="c">1725</subfield>
    </datafield>
    <datafield tag="500" ind1=" " ind2=" ">
      <subfield code="a">Contains: Instructions about appoggiaturas in the preface</subfield>
    </datafield>
  </record>