
  <record>
    <leader>00000ncc a2200000 u 4500</leader>
    <controlfield tag="001">1191</controlfield>
    <datafield tag="100" ind1=" " ind2=" ">
      <subfield code="a">Wesselius, Friedrich</subfield>
    </datafield>
    <datafield tag="260" ind1=" " ind2=" ">
      <subfield code="a">Schweinfurt</subfield>
      <subfield code="b">W. M. Endters Erben</subfield>
      <subfield code="c">1726</subfield>
    </datafield>
    <datafield tag="500" ind1=" " ind2=" ">
      <subfield code="a">Contains: </subfield>
    </datafield>
  </record>