
  <record>
    <leader>00000ncc a2200000 u 4500</leader>
    <controlfield tag="001">1196</controlfield>
    <datafield tag="100" ind1=" " ind2=" ">
      <subfield code="a">Steiner, Johann Ludwig</subfield>
    </datafield>
    <datafield tag="260" ind1=" " ind2=" ">
      <subfield code="a">Zürich</subfield>
      <subfield code="b">Heidegger &amp; Comp.</subfield>
      <subfield code="c">1728</subfield>
    </datafield>
    <datafield tag="500" ind1=" " ind2=" ">
      <subfield code="a">Contains: </subfield>
    </datafield>
  </record>