
  <record>
    <leader>00000ncc a2200000 u 4500</leader>
    <controlfield tag="001">1197</controlfield>
    <datafield tag="100" ind1=" " ind2=" ">
      <subfield code="a">Prelleur, Peter</subfield>
    </datafield>
    <datafield tag="260" ind1=" " ind2=" ">
      <subfield code="a">London</subfield>
      <subfield code="b">Printing-Office in Bow Church Yard</subfield>
      <subfield code="c">1731</subfield>
    </datafield>
    <datafield tag="500" ind1=" " ind2=" ">
      <subfield code="a">Contains: </subfield>
    </datafield>
  </record>