
  <record>
    <leader>00000ncc a2200000 u 4500</leader>
    <controlfield tag="001">1198</controlfield>
    <datafield tag="100" ind1=" " ind2=" ">
      <subfield code="a">Tosi, Pier Francesco</subfield>
    </datafield>
    <datafield tag="260" ind1=" " ind2=" ">
      <subfield code="a">Leyden</subfield>
      <subfield code="b">F. Schouten</subfield>
      <subfield code="c">1731</subfield>
    </datafield>
    <datafield tag="500" ind1=" " ind2=" ">
      <subfield code="a">Contains: translation by J. Alençon</subfield>
    </datafield>
  </record>