
  <record>
    <leader>00000ncc a2200000 u 4500</leader>
    <controlfield tag="001">1199</controlfield>
    <datafield tag="100" ind1=" " ind2=" ">
      <subfield code="a">Mayer, Joseph F. B. K.</subfield>
    </datafield>
    <datafield tag="260" ind1=" " ind2=" ">
      <subfield code="a">Schwäbisch Hall</subfield>
      <subfield code="b">G. M. Majer</subfield>
      <subfield code="c">1732</subfield>
    </datafield>
    <datafield tag="500" ind1=" " ind2=" ">
      <subfield code="a">Contains: </subfield>
    </datafield>
  </record>