
  <record>
    <leader>00000ncc a2200000 u 4500</leader>
    <controlfield tag="001">1202</controlfield>
    <datafield tag="100" ind1=" " ind2=" ">
      <subfield code="a">Zedler, Johann Heinrich</subfield>
    </datafield>
    <datafield tag="260" ind1=" " ind2=" ">
      <subfield code="a">Halle [et al.]</subfield>
      <subfield code="b">J. H. Zedler</subfield>
      <subfield code="c">1732</subfield>
    </datafield>
    <datafield tag="500" ind1=" " ind2=" ">
      <subfield code="a">Contains: </subfield>
    </datafield>
  </record>