
  <record>
    <leader>00000ncc a2200000 u 4500</leader>
    <controlfield tag="001">1203</controlfield>
    <datafield tag="100" ind1=" " ind2=" ">
      <subfield code="a">Albrecht, Johann Wilhelm</subfield>
    </datafield>
    <datafield tag="260" ind1=" " ind2=" ">
      <subfield code="a">Leipzig</subfield>
      <subfield code="b">J. C. Martini</subfield>
      <subfield code="c">1734</subfield>
    </datafield>
    <datafield tag="500" ind1=" " ind2=" ">
      <subfield code="a">Contains: </subfield>
    </datafield>
  </record>