
  <record>
    <leader>00000ncc a2200000 u 4500</leader>
    <controlfield tag="001">1204</controlfield>
    <datafield tag="100" ind1=" " ind2=" ">
      <subfield code="a">Morato, João Vaz Barradas Muitopão [Muito Pame]</subfield>
    </datafield>
    <datafield tag="260" ind1=" " ind2=" ">
      <subfield code="a">Lisboa</subfield>
      <subfield code="b">Officina de Musica</subfield>
      <subfield code="c">1735</subfield>
    </datafield>
    <datafield tag="500" ind1=" " ind2=" ">
      <subfield code="a">Contains: </subfield>
    </datafield>
  </record>