
  <record>
    <leader>00000ncc a2200000 u 4500</leader>
    <controlfield tag="001">1207</controlfield>
    <datafield tag="100" ind1=" " ind2=" ">
      <subfield code="a">Eisel, Johann Philipp</subfield>
    </datafield>
    <datafield tag="260" ind1=" " ind2=" ">
      <subfield code="a">Erfurt</subfield>
      <subfield code="b">J. M. Funck</subfield>
      <subfield code="c">1738</subfield>
    </datafield>
    <datafield tag="500" ind1=" " ind2=" ">
      <subfield code="a">Contains: </subfield>
    </datafield>
  </record>