
  <record>
    <leader>00000ncc a2200000 u 4500</leader>
    <controlfield tag="001">1208</controlfield>
    <datafield tag="100" ind1=" " ind2=" ">
      <subfield code="a">Matthaei, Conrad</subfield>
    </datafield>
    <datafield tag="260" ind1=" " ind2=" ">
      <subfield code="a">Königsberg</subfield>
      <subfield code="b">J. Reusner</subfield>
      <subfield code="c">1739</subfield>
    </datafield>
    <datafield tag="500" ind1=" " ind2=" ">
      <subfield code="a">Contains: </subfield>
    </datafield>
  </record>