
  <record>
    <leader>00000ncc a2200000 u 4500</leader>
    <controlfield tag="001">1209</controlfield>
    <datafield tag="100" ind1=" " ind2=" ">
      <subfield code="a">Mattheson, Johann</subfield>
    </datafield>
    <datafield tag="260" ind1=" " ind2=" ">
      <subfield code="a">Hamburg</subfield>
      <subfield code="b">C. Herold</subfield>
      <subfield code="c">1739</subfield>
    </datafield>
    <datafield tag="500" ind1=" " ind2=" ">
      <subfield code="a">Contains: </subfield>
    </datafield>
  </record>