
  <record>
    <leader>00000ncc a2200000 u 4500</leader>
    <controlfield tag="001">1210</controlfield>
    <datafield tag="100" ind1=" " ind2=" ">
      <subfield code="a">Riva, Giuseppe</subfield>
    </datafield>
    <datafield tag="260" ind1=" " ind2=" ">
      <subfield code="a">Leipzig</subfield>
      <subfield code="b">[L. Ch. Mizler]</subfield>
      <subfield code="c">1739</subfield>
    </datafield>
    <datafield tag="500" ind1=" " ind2=" ">
      <subfield code="a">Contains: in: Mizler, Lorenz Christoph, Musikalischer Staarstecher</subfield>
    </datafield>
  </record>