
  <record>
    <leader>00000ncc a2200000 u 4500</leader>
    <controlfield tag="001">1213</controlfield>
    <datafield tag="100" ind1=" " ind2=" ">
      <subfield code="a">Speidel, Johann Christoph</subfield>
    </datafield>
    <datafield tag="260" ind1=" " ind2=" ">
      <subfield code="a">Stuttgart</subfield>
      <subfield code="b">Metzler &amp; Erhardt</subfield>
      <subfield code="c">1740</subfield>
    </datafield>
    <datafield tag="500" ind1=" " ind2=" ">
      <subfield code="a">Contains: </subfield>
    </datafield>
  </record>