
  <record>
    <leader>00000ncc a2200000 u 4500</leader>
    <controlfield tag="001">1215</controlfield>
    <datafield tag="100" ind1=" " ind2=" ">
      <subfield code="a">Ferrein, Antoine</subfield>
    </datafield>
    <datafield tag="260" ind1=" " ind2=" ">
      <subfield code="a">Paris</subfield>
      <subfield code="b">Imprimerie Royale</subfield>
      <subfield code="c">1741</subfield>
    </datafield>
    <datafield tag="500" ind1=" " ind2=" ">
      <subfield code="a">Contains: in: Mémoires de l'Académie Royale des Sciences (p. 409-430)</subfield>
    </datafield>
  </record>