
  <record>
    <leader>00000ncc a2200000 u 4500</leader>
    <controlfield tag="001">1217</controlfield>
    <datafield tag="100" ind1=" " ind2=" ">
      <subfield code="a">Maier, Joseph Friedrich</subfield>
    </datafield>
    <datafield tag="260" ind1=" " ind2=" ">
      <subfield code="a">Nürnberg</subfield>
      <subfield code="b">J. J. Cremer</subfield>
      <subfield code="c">1741</subfield>
    </datafield>
    <datafield tag="500" ind1=" " ind2=" ">
      <subfield code="a">Contains: </subfield>
    </datafield>
  </record>