
  <record>
    <leader>00000ncc a2200000 u 4500</leader>
    <controlfield tag="001">1218</controlfield>
    <datafield tag="100" ind1=" " ind2=" ">
      <subfield code="a">Gaillard, John Ernest</subfield>
    </datafield>
    <datafield tag="260" ind1=" " ind2=" ">
      <subfield code="a">London</subfield>
      <subfield code="b">J. Wilcox</subfield>
      <subfield code="c">1743</subfield>
    </datafield>
    <datafield tag="500" ind1=" " ind2=" ">
      <subfield code="a">Contains: English translation of Tosi 1723 </subfield>
    </datafield>
  </record>