
  <record>
    <leader>00000ncc a2200000 u 4500</leader>
    <controlfield tag="001">1221</controlfield>
    <datafield tag="100" ind1=" " ind2=" ">
      <subfield code="a">Frittelli, Fausto</subfield>
    </datafield>
    <datafield tag="260" ind1=" " ind2=" ">
      <subfield code="a">Siena</subfield>
      <subfield code="b">Stamperia del Pub.</subfield>
      <subfield code="c">1744</subfield>
    </datafield>
    <datafield tag="500" ind1=" " ind2=" ">
      <subfield code="a">Contains: </subfield>
    </datafield>
  </record>