
  <record>
    <leader>00000ncc a2200000 u 4500</leader>
    <controlfield tag="001">1222</controlfield>
    <datafield tag="100" ind1=" " ind2=" ">
      <subfield code="a">Scheibe, Johann Adolph</subfield>
    </datafield>
    <datafield tag="260" ind1=" " ind2=" ">
      <subfield code="a">Leipzig</subfield>
      <subfield code="b">B. C. Breitkopf</subfield>
      <subfield code="c">1745</subfield>
    </datafield>
    <datafield tag="500" ind1=" " ind2=" ">
      <subfield code="a">Contains: </subfield>
    </datafield>
  </record>