
  <record>
    <leader>00000ncc a2200000 u 4500</leader>
    <controlfield tag="001">1227</controlfield>
    <datafield tag="100" ind1=" " ind2=" ">
      <subfield code="a">Geminiani, Francesco</subfield>
    </datafield>
    <datafield tag="260" ind1=" " ind2=" ">
      <subfield code="a">London</subfield>
      <subfield code="b">s. n.</subfield>
      <subfield code="c">1749</subfield>
    </datafield>
    <datafield tag="500" ind1=" " ind2=" ">
      <subfield code="a">Contains: </subfield>
    </datafield>
  </record>