
  <record>
    <leader>00000ncc a2200000 u 4500</leader>
    <controlfield tag="001">1229</controlfield>
    <datafield tag="100" ind1=" " ind2=" ">
      <subfield code="a">Marpurg, Friedrich Wilhelm</subfield>
    </datafield>
    <datafield tag="260" ind1=" " ind2=" ">
      <subfield code="a">Olms</subfield>
      <subfield code="b">A. Haude und J. C. Spener</subfield>
      <subfield code="c">1750</subfield>
    </datafield>
    <datafield tag="500" ind1=" " ind2=" ">
      <subfield code="a">Contains: </subfield>
    </datafield>
  </record>