
  <record>
    <leader>00000ncc a2200000 u 4500</leader>
    <controlfield tag="001">1231</controlfield>
    <datafield tag="100" ind1=" " ind2=" ">
      <subfield code="a">Poisson, Léonard</subfield>
    </datafield>
    <datafield tag="260" ind1=" " ind2=" ">
      <subfield code="a">Paris</subfield>
      <subfield code="b">Ph. N. Lottin &amp; J. H. Buttari</subfield>
      <subfield code="c">1750</subfield>
    </datafield>
    <datafield tag="500" ind1=" " ind2=" ">
      <subfield code="a">Contains: </subfield>
    </datafield>
  </record>