
  <record>
    <leader>00000ncc a2200000 u 4500</leader>
    <controlfield tag="001">1232</controlfield>
    <datafield tag="100" ind1=" " ind2=" ">
      <subfield code="a">Ruetz, Caspar</subfield>
    </datafield>
    <datafield tag="260" ind1=" " ind2=" ">
      <subfield code="a">Lübeck</subfield>
      <subfield code="b">J. Schmidt</subfield>
      <subfield code="c">1750</subfield>
    </datafield>
    <datafield tag="500" ind1=" " ind2=" ">
      <subfield code="a">Contains: </subfield>
    </datafield>
  </record>