
  <record>
    <leader>00000ncc a2200000 u 4500</leader>
    <controlfield tag="001">1233</controlfield>
    <datafield tag="100" ind1=" " ind2=" ">
      <subfield code="a">Anonymous</subfield>
    </datafield>
    <datafield tag="260" ind1=" " ind2=" ">
      <subfield code="a">Langensalz</subfield>
      <subfield code="b">Martini</subfield>
      <subfield code="c">1752</subfield>
    </datafield>
    <datafield tag="500" ind1=" " ind2=" ">
      <subfield code="a">Contains: author name on title page: G. G. G.</subfield>
    </datafield>
  </record>