
  <record>
    <leader>00000ncc a2200000 u 4500</leader>
    <controlfield tag="001">1235</controlfield>
    <datafield tag="100" ind1=" " ind2=" ">
      <subfield code="a">Cattaneo, Giovanni</subfield>
    </datafield>
    <datafield tag="260" ind1=" " ind2=" ">
      <subfield code="a">Lucca</subfield>
      <subfield code="b">F. M. Benedini</subfield>
      <subfield code="c">1752</subfield>
    </datafield>
    <datafield tag="500" ind1=" " ind2=" ">
      <subfield code="a">Contains: </subfield>
    </datafield>
  </record>