
  <record>
    <leader>00000ncc a2200000 u 4500</leader>
    <controlfield tag="001">1236</controlfield>
    <datafield tag="100" ind1=" " ind2=" ">
      <subfield code="a">La Chapelle, Jacques-Alexandre de</subfield>
    </datafield>
    <datafield tag="260" ind1=" " ind2=" ">
      <subfield code="a">Paris</subfield>
      <subfield code="b">The Author</subfield>
      <subfield code="c">1752</subfield>
    </datafield>
    <datafield tag="500" ind1=" " ind2=" ">
      <subfield code="a">Contains: c. 1752</subfield>
    </datafield>
  </record>