
  <record>
    <leader>00000ncc a2200000 u 4500</leader>
    <controlfield tag="001">1237</controlfield>
    <datafield tag="100" ind1=" " ind2=" ">
      <subfield code="a">Quantz, Johann Joachim</subfield>
    </datafield>
    <datafield tag="260" ind1=" " ind2=" ">
      <subfield code="a">Berlin</subfield>
      <subfield code="b">C. F. Voss</subfield>
      <subfield code="c">1752</subfield>
    </datafield>
    <datafield tag="500" ind1=" " ind2=" ">
      <subfield code="a">Contains: French translation of Quantz 1752 </subfield>
    </datafield>
  </record>