
  <record>
    <leader>00000ncc a2200000 u 4500</leader>
    <controlfield tag="001">1241</controlfield>
    <datafield tag="100" ind1=" " ind2=" ">
      <subfield code="a">Bianchi, Giovanni Antonio</subfield>
    </datafield>
    <datafield tag="260" ind1=" " ind2=" ">
      <subfield code="a">Roma</subfield>
      <subfield code="b">N. e M. Pagliarini</subfield>
      <subfield code="c">1753</subfield>
    </datafield>
    <datafield tag="500" ind1=" " ind2=" ">
      <subfield code="a">Contains: </subfield>
    </datafield>
  </record>