
  <record>
    <leader>00000ncc a2200000 u 4500</leader>
    <controlfield tag="001">1243</controlfield>
    <datafield tag="100" ind1=" " ind2=" ">
      <subfield code="a">Blainville, Charles Henri de</subfield>
    </datafield>
    <datafield tag="260" ind1=" " ind2=" ">
      <subfield code="a">Genève</subfield>
      <subfield code="b">s. n.</subfield>
      <subfield code="c">1754</subfield>
    </datafield>
    <datafield tag="500" ind1=" " ind2=" ">
      <subfield code="a">Contains: </subfield>
    </datafield>
  </record>