
  <record>
    <leader>00000ncc a2200000 u 4500</leader>
    <controlfield tag="001">1244</controlfield>
    <datafield tag="100" ind1=" " ind2=" ">
      <subfield code="a">Feillée, François de la</subfield>
    </datafield>
    <datafield tag="260" ind1=" " ind2=" ">
      <subfield code="a">Poitiers</subfield>
      <subfield code="b">J. Faulcon l'ainé</subfield>
      <subfield code="c">1754</subfield>
    </datafield>
    <datafield tag="500" ind1=" " ind2=" ">
      <subfield code="a">Contains: Link: third edition 1775 </subfield>
    </datafield>
  </record>