
  <record>
    <leader>00000ncc a2200000 u 4500</leader>
    <controlfield tag="001">1245</controlfield>
    <datafield tag="100" ind1=" " ind2=" ">
      <subfield code="a">Quantz, Johann Joachim</subfield>
    </datafield>
    <datafield tag="260" ind1=" " ind2=" ">
      <subfield code="a">Amsterdam</subfield>
      <subfield code="b">A. Olofsen</subfield>
      <subfield code="c">1754</subfield>
    </datafield>
    <datafield tag="500" ind1=" " ind2=" ">
      <subfield code="a">Contains: Dutch translation of "Versuch" 1752</subfield>
    </datafield>
  </record>