
  <record>
    <leader>00000ncc a2200000 u 4500</leader>
    <controlfield tag="001">1247</controlfield>
    <datafield tag="100" ind1=" " ind2=" ">
      <subfield code="a">Adami, Ernst Daniel</subfield>
    </datafield>
    <datafield tag="260" ind1=" " ind2=" ">
      <subfield code="a">Breslau</subfield>
      <subfield code="b">C. G. Meyer</subfield>
      <subfield code="c">1755</subfield>
    </datafield>
    <datafield tag="500" ind1=" " ind2=" ">
      <subfield code="a">Contains: </subfield>
    </datafield>
  </record>