
  <record>
    <leader>00000ncc a2200000 u 4500</leader>
    <controlfield tag="001">1250</controlfield>
    <datafield tag="100" ind1=" " ind2=" ">
      <subfield code="a">Bachmann, Johann Michael</subfield>
    </datafield>
    <datafield tag="260" ind1=" " ind2=" ">
      <subfield code="a">Wirtzburg</subfield>
      <subfield code="b">J. B. Gutwein</subfield>
      <subfield code="c">1756</subfield>
    </datafield>
    <datafield tag="500" ind1=" " ind2=" ">
      <subfield code="a">Contains: </subfield>
    </datafield>
  </record>