
  <record>
    <leader>00000ncc a2200000 u 4500</leader>
    <controlfield tag="001">1253</controlfield>
    <datafield tag="100" ind1=" " ind2=" ">
      <subfield code="a">Mozart, Leopold</subfield>
    </datafield>
    <datafield tag="260" ind1=" " ind2=" ">
      <subfield code="a">Augsburg</subfield>
      <subfield code="b">J. J. Lotter</subfield>
      <subfield code="c">1756</subfield>
    </datafield>
    <datafield tag="500" ind1=" " ind2=" ">
      <subfield code="a">Contains: </subfield>
    </datafield>
  </record>