
  <record>
    <leader>00000ncc a2200000 u 4500</leader>
    <controlfield tag="001">1254</controlfield>
    <datafield tag="100" ind1=" " ind2=" ">
      <subfield code="a">Agricola, Johann Friedrich</subfield>
    </datafield>
    <datafield tag="260" ind1=" " ind2=" ">
      <subfield code="a">Berlin</subfield>
      <subfield code="b">G. L. Winter</subfield>
      <subfield code="c">1757</subfield>
    </datafield>
    <datafield tag="500" ind1=" " ind2=" ">
      <subfield code="a">Contains: commented translation of Tosi 1723 </subfield>
    </datafield>
  </record>