
  <record>
    <leader>00000ncc a2200000 u 4500</leader>
    <controlfield tag="001">1255</controlfield>
    <datafield tag="100" ind1=" " ind2=" ">
      <subfield code="a">Denis, Pierre</subfield>
    </datafield>
    <datafield tag="260" ind1=" " ind2=" ">
      <subfield code="a">Paris</subfield>
      <subfield code="b">De la Chevardière</subfield>
      <subfield code="c">1757</subfield>
    </datafield>
    <datafield tag="500" ind1=" " ind2=" ">
      <subfield code="a">Contains: </subfield>
    </datafield>
  </record>