
  <record>
    <leader>00000ncc a2200000 u 4500</leader>
    <controlfield tag="001">1256</controlfield>
    <datafield tag="100" ind1=" " ind2=" ">
      <subfield code="a">Marpurg, Friedrich Wilhelm</subfield>
    </datafield>
    <datafield tag="260" ind1=" " ind2=" ">
      <subfield code="a">Leipzig</subfield>
      <subfield code="b">J. G. I. Breitkopf</subfield>
      <subfield code="c">1757</subfield>
    </datafield>
    <datafield tag="500" ind1=" " ind2=" ">
      <subfield code="a">Contains: </subfield>
    </datafield>
  </record>