
  <record>
    <leader>00000ncc a2200000 u 4500</leader>
    <controlfield tag="001">1257</controlfield>
    <datafield tag="100" ind1=" " ind2=" ">
      <subfield code="a">Adlung, Jacob M.</subfield>
    </datafield>
    <datafield tag="260" ind1=" " ind2=" ">
      <subfield code="a">Erfurt</subfield>
      <subfield code="b">J. D. Jungnicol</subfield>
      <subfield code="c">1758</subfield>
    </datafield>
    <datafield tag="500" ind1=" " ind2=" ">
      <subfield code="a">Contains: </subfield>
    </datafield>
  </record>