
  <record>
    <leader>00000ncc a2200000 u 4500</leader>
    <controlfield tag="001">1259</controlfield>
    <datafield tag="100" ind1=" " ind2=" ">
      <subfield code="a">Bethisy de Mezières [Eugène-Eléonore de]</subfield>
    </datafield>
    <datafield tag="260" ind1=" " ind2=" ">
      <subfield code="a">Amsterdam [et al.]</subfield>
      <subfield code="b">Lambert &amp; Duchesne</subfield>
      <subfield code="c">1760</subfield>
    </datafield>
    <datafield tag="500" ind1=" " ind2=" ">
      <subfield code="a">Contains: </subfield>
    </datafield>
  </record>