
  <record>
    <leader>00000ncc a2200000 u 4500</leader>
    <controlfield tag="001">1262</controlfield>
    <datafield tag="100" ind1=" " ind2=" ">
      <subfield code="a">Albrecht, Johann Lorenz</subfield>
    </datafield>
    <datafield tag="260" ind1=" " ind2=" ">
      <subfield code="a">Langensalza</subfield>
      <subfield code="b">J. C. Martini</subfield>
      <subfield code="c">1761</subfield>
    </datafield>
    <datafield tag="500" ind1=" " ind2=" ">
      <subfield code="a">Contains: </subfield>
    </datafield>
  </record>