
  <record>
    <leader>00000ncc a2200000 u 4500</leader>
    <controlfield tag="001">1266</controlfield>
    <datafield tag="100" ind1=" " ind2=" ">
      <subfield code="a">Klinghammer, J. C.</subfield>
    </datafield>
    <datafield tag="260" ind1=" " ind2=" ">
      <subfield code="a">Salzwedel</subfield>
      <subfield code="b">J. C. G. Schuster</subfield>
      <subfield code="c">1763</subfield>
    </datafield>
    <datafield tag="500" ind1=" " ind2=" ">
      <subfield code="a">Contains: </subfield>
    </datafield>
  </record>