
  <record>
    <leader>00000ncc a2200000 u 4500</leader>
    <controlfield tag="001">1268</controlfield>
    <datafield tag="100" ind1=" " ind2=" ">
      <subfield code="a">Kürzinger, Ignaz Franz Xaver</subfield>
    </datafield>
    <datafield tag="260" ind1=" " ind2=" ">
      <subfield code="a">Augsburg</subfield>
      <subfield code="b">J. J. Lotter</subfield>
      <subfield code="c">1763</subfield>
    </datafield>
    <datafield tag="500" ind1=" " ind2=" ">
      <subfield code="a">Contains: Link: second edition 1780; fifth edition: 1821</subfield>
    </datafield>
  </record>