
  <record>
    <leader>00000ncc a2200000 u 4500</leader>
    <controlfield tag="001">1269</controlfield>
    <datafield tag="100" ind1=" " ind2=" ">
      <subfield code="a">Lederer, Joseph</subfield>
    </datafield>
    <datafield tag="260" ind1=" " ind2=" ">
      <subfield code="a">Ulm</subfield>
      <subfield code="b">G. Groschopff</subfield>
      <subfield code="c">1763</subfield>
    </datafield>
    <datafield tag="500" ind1=" " ind2=" ">
      <subfield code="a">Contains: </subfield>
    </datafield>
  </record>