
  <record>
    <leader>00000ncc a2200000 u 4500</leader>
    <controlfield tag="001">1272</controlfield>
    <datafield tag="100" ind1=" " ind2=" ">
      <subfield code="a">Scheibe, Johann Adolph</subfield>
    </datafield>
    <datafield tag="260" ind1=" " ind2=" ">
      <subfield code="a">Leipzig</subfield>
      <subfield code="b">F. Nicolai, M. Mendelssohn</subfield>
      <subfield code="c">1764</subfield>
    </datafield>
    <datafield tag="500" ind1=" " ind2=" ">
      <subfield code="a">Contains: in Nicolai, Friedrich; Mendelssohn, Moses, "Bibliothek der schönen Wissenschaften und der freyen Künste", Leipzig</subfield>
    </datafield>
  </record>