
  <record>
    <leader>00000ncc a2200000 u 4500</leader>
    <controlfield tag="001">1273</controlfield>
    <datafield tag="100" ind1=" " ind2=" ">
      <subfield code="a">Solano, Francisco I.</subfield>
    </datafield>
    <datafield tag="260" ind1=" " ind2=" ">
      <subfield code="a">Lisboa</subfield>
      <subfield code="b">M. M. Da Costa</subfield>
      <subfield code="c">1764</subfield>
    </datafield>
    <datafield tag="500" ind1=" " ind2=" ">
      <subfield code="a">Contains: </subfield>
    </datafield>
  </record>