
  <record>
    <leader>00000ncc a2200000 u 4500</leader>
    <controlfield tag="001">1274</controlfield>
    <datafield tag="100" ind1=" " ind2=" ">
      <subfield code="a">Hewett, James</subfield>
    </datafield>
    <datafield tag="260" ind1=" " ind2=" ">
      <subfield code="a">London</subfield>
      <subfield code="b">The Author</subfield>
      <subfield code="c">1765</subfield>
    </datafield>
    <datafield tag="500" ind1=" " ind2=" ">
      <subfield code="a">Contains: </subfield>
    </datafield>
  </record>