
  <record>
    <leader>00000ncc a2200000 u 4500</leader>
    <controlfield tag="001">1275</controlfield>
    <datafield tag="100" ind1=" " ind2=" ">
      <subfield code="a">Coma y Puig, Don Miguel</subfield>
    </datafield>
    <datafield tag="260" ind1=" " ind2=" ">
      <subfield code="a">Madrid</subfield>
      <subfield code="b">J. Ibarra</subfield>
      <subfield code="c">1766</subfield>
    </datafield>
    <datafield tag="500" ind1=" " ind2=" ">
      <subfield code="a">Contains: </subfield>
    </datafield>
  </record>