
  <record>
    <leader>00000ncc a2200000 u 4500</leader>
    <controlfield tag="001">1277</controlfield>
    <datafield tag="100" ind1=" " ind2=" ">
      <subfield code="a">Sharp, Granville</subfield>
    </datafield>
    <datafield tag="260" ind1=" " ind2=" ">
      <subfield code="a"/>
      <subfield code="b">s. n. </subfield>
      <subfield code="c">1767</subfield>
    </datafield>
    <datafield tag="500" ind1=" " ind2=" ">
      <subfield code="a">Contains: </subfield>
    </datafield>
  </record>