
  <record>
    <leader>00000ncc a2200000 u 4500</leader>
    <controlfield tag="001">1278</controlfield>
    <datafield tag="100" ind1=" " ind2=" ">
      <subfield code="a">Petri, Johann Samuel</subfield>
    </datafield>
    <datafield tag="260" ind1=" " ind2=" ">
      <subfield code="a">Leipzig</subfield>
      <subfield code="b">Lauban</subfield>
      <subfield code="c">1767</subfield>
    </datafield>
    <datafield tag="500" ind1=" " ind2=" ">
      <subfield code="a">Contains: link: second edition, Breitkopf 1767 </subfield>
    </datafield>
  </record>