
  <record>
    <leader>00000ncc a2200000 u 4500</leader>
    <controlfield tag="001">1279</controlfield>
    <datafield tag="100" ind1=" " ind2=" ">
      <subfield code="a">Hiller, Johann Adam</subfield>
    </datafield>
    <datafield tag="260" ind1=" " ind2=" ">
      <subfield code="a">Leipzig</subfield>
      <subfield code="b">Verlag der Zeitungs-Expedition</subfield>
      <subfield code="c">1768</subfield>
    </datafield>
    <datafield tag="500" ind1=" " ind2=" ">
      <subfield code="a">Contains: third year (1768–69)</subfield>
    </datafield>
  </record>