
  <record>
    <leader>00000ncc a2200000 u 4500</leader>
    <controlfield tag="001">1282</controlfield>
    <datafield tag="100" ind1=" " ind2=" ">
      <subfield code="a">Bailleux, Antoine</subfield>
    </datafield>
    <datafield tag="260" ind1=" " ind2=" ">
      <subfield code="a">Paris</subfield>
      <subfield code="b">The Author</subfield>
      <subfield code="c">1770</subfield>
    </datafield>
    <datafield tag="500" ind1=" " ind2=" ">
      <subfield code="a">Contains: second edition 1782: Solfèges pour apprendre facilement la musique vocale et instrumentale </subfield>
    </datafield>
  </record>