
  <record>
    <leader>00000ncc a2200000 u 4500</leader>
    <controlfield tag="001">1283</controlfield>
    <datafield tag="100" ind1=" " ind2=" ">
      <subfield code="a">Clark, Jonas</subfield>
    </datafield>
    <datafield tag="260" ind1=" " ind2=" ">
      <subfield code="a">Boston</subfield>
      <subfield code="b">J. Clark</subfield>
      <subfield code="c">1770</subfield>
    </datafield>
    <datafield tag="500" ind1=" " ind2=" ">
      <subfield code="a">Contains: </subfield>
    </datafield>
  </record>