
  <record>
    <leader>00000ncc a2200000 u 4500</leader>
    <controlfield tag="001">1284</controlfield>
    <datafield tag="100" ind1=" " ind2=" ">
      <subfield code="a">Odier, Louis</subfield>
    </datafield>
    <datafield tag="260" ind1=" " ind2=" ">
      <subfield code="a">Edinburgh</subfield>
      <subfield code="b">Balfour, Auld et Smellie</subfield>
      <subfield code="c">1770</subfield>
    </datafield>
    <datafield tag="500" ind1=" " ind2=" ">
      <subfield code="a">Contains: </subfield>
    </datafield>
  </record>