
  <record>
    <leader>00000ncc a2200000 u 4500</leader>
    <controlfield tag="001">1285</controlfield>
    <datafield tag="100" ind1=" " ind2=" ">
      <subfield code="a">Quantz, Johann Joachim</subfield>
    </datafield>
    <datafield tag="260" ind1=" " ind2=" ">
      <subfield code="a">London</subfield>
      <subfield code="b">Welcker</subfield>
      <subfield code="c">1770</subfield>
    </datafield>
    <datafield tag="500" ind1=" " ind2=" ">
      <subfield code="a">Contains: English translation of Quantz 1752 (link: chapter 13 only)</subfield>
    </datafield>
  </record>