
  <record>
    <leader>00000ncc a2200000 u 4500</leader>
    <controlfield tag="001">1287</controlfield>
    <datafield tag="100" ind1=" " ind2=" ">
      <subfield code="a">Burney, Charles</subfield>
    </datafield>
    <datafield tag="260" ind1=" " ind2=" ">
      <subfield code="a">London</subfield>
      <subfield code="b">T. Becket &amp; Co. Strand</subfield>
      <subfield code="c">1771</subfield>
    </datafield>
    <datafield tag="500" ind1=" " ind2=" ">
      <subfield code="a">Contains: Link: second edition 1773</subfield>
    </datafield>
  </record>