
  <record>
    <leader>00000ncc a2200000 u 4500</leader>
    <controlfield tag="001">1288</controlfield>
    <datafield tag="100" ind1=" " ind2=" ">
      <subfield code="a">Burney, Charles</subfield>
    </datafield>
    <datafield tag="260" ind1=" " ind2=" ">
      <subfield code="a">Hamburg</subfield>
      <subfield code="b">Bode</subfield>
      <subfield code="c">1772</subfield>
    </datafield>
    <datafield tag="500" ind1=" " ind2=" ">
      <subfield code="a">Contains: German translation of Burney 1771 </subfield>
    </datafield>
  </record>