
  <record>
    <leader>00000ncc a2200000 u 4500</leader>
    <controlfield tag="001">1290</controlfield>
    <datafield tag="100" ind1=" " ind2=" ">
      <subfield code="a">Raparlier, Albert-Auguste</subfield>
    </datafield>
    <datafield tag="260" ind1=" " ind2=" ">
      <subfield code="a">Lille</subfield>
      <subfield code="b">P. S. Lalau</subfield>
      <subfield code="c">1772</subfield>
    </datafield>
    <datafield tag="500" ind1=" " ind2=" ">
      <subfield code="a">Contains: </subfield>
    </datafield>
  </record>