
  <record>
    <leader>00000ncc a2200000 u 4500</leader>
    <controlfield tag="001">1292</controlfield>
    <datafield tag="100" ind1=" " ind2=" ">
      <subfield code="a">Anonymous</subfield>
    </datafield>
    <datafield tag="260" ind1=" " ind2=" ">
      <subfield code="a">Zürich</subfield>
      <subfield code="b">J. K. Ziegler</subfield>
      <subfield code="c">1774</subfield>
    </datafield>
    <datafield tag="500" ind1=" " ind2=" ">
      <subfield code="a">Contains: </subfield>
    </datafield>
  </record>