
  <record>
    <leader>00000ncc a2200000 u 4500</leader>
    <controlfield tag="001">1294</controlfield>
    <datafield tag="100" ind1=" " ind2=" ">
      <subfield code="a">Gerbert, Martin</subfield>
    </datafield>
    <datafield tag="260" ind1=" " ind2=" ">
      <subfield code="a">St. Blasien</subfield>
      <subfield code="b">Typis San-Blasianis</subfield>
      <subfield code="c">1774</subfield>
    </datafield>
    <datafield tag="500" ind1=" " ind2=" ">
      <subfield code="a">Contains: </subfield>
    </datafield>
  </record>