
  <record>
    <leader>00000ncc a2200000 u 4500</leader>
    <controlfield tag="001">1297</controlfield>
    <datafield tag="100" ind1=" " ind2=" ">
      <subfield code="a">Höpfner, Johann Georg Christoph</subfield>
    </datafield>
    <datafield tag="260" ind1=" " ind2=" ">
      <subfield code="a">Sondershausen</subfield>
      <subfield code="c">1774</subfield>
    </datafield>
    <datafield tag="500" ind1=" " ind2=" ">
      <subfield code="a">Contains: </subfield>
    </datafield>
  </record>