
  <record>
    <leader>00000ncc a2200000 u 4500</leader>
    <controlfield tag="001">1298</controlfield>
    <datafield tag="100" ind1=" " ind2=" ">
      <subfield code="a">Mancini, Giambattista</subfield>
    </datafield>
    <datafield tag="260" ind1=" " ind2=" ">
      <subfield code="a">Wien</subfield>
      <subfield code="b">van Ghelen</subfield>
      <subfield code="c">1774</subfield>
    </datafield>
    <datafield tag="500" ind1=" " ind2=" ">
      <subfield code="a">Contains: </subfield>
    </datafield>
  </record>