
  <record>
    <leader>00000ncc a2200000 u 4500</leader>
    <controlfield tag="001">1299</controlfield>
    <datafield tag="100" ind1=" " ind2=" ">
      <subfield code="a">Reichardt, Johann Friedrich</subfield>
    </datafield>
    <datafield tag="260" ind1=" " ind2=" ">
      <subfield code="a">Frankfurt [et al.]</subfield>
      <subfield code="b">s. n. </subfield>
      <subfield code="c">1774</subfield>
    </datafield>
    <datafield tag="500" ind1=" " ind2=" ">
      <subfield code="a">Contains: 2 vol. (second vol.: Frankfurt-Breslau 1776)</subfield>
    </datafield>
  </record>