
  <record>
    <leader>00000ncc a2200000 u 4500</leader>
    <controlfield tag="001">1300</controlfield>
    <datafield tag="100" ind1=" " ind2=" ">
      <subfield code="a">Avison, Charles</subfield>
    </datafield>
    <datafield tag="260" ind1=" " ind2=" ">
      <subfield code="a">Leipzig</subfield>
      <subfield code="b">Schwickert</subfield>
      <subfield code="c">1775</subfield>
    </datafield>
    <datafield tag="500" ind1=" " ind2=" ">
      <subfield code="a">Contains:  translation of Avison 1752 </subfield>
    </datafield>
  </record>