
  <record>
    <leader>00000ncc a2200000 u 4500</leader>
    <controlfield tag="001">1305</controlfield>
    <datafield tag="100" ind1=" " ind2=" ">
      <subfield code="a">Hawkins, John</subfield>
    </datafield>
    <datafield tag="260" ind1=" " ind2=" ">
      <subfield code="a">York</subfield>
      <subfield code="b">T. Payne and Son</subfield>
      <subfield code="c">1776</subfield>
    </datafield>
    <datafield tag="500" ind1=" " ind2=" ">
      <subfield code="a">Contains: </subfield>
    </datafield>
  </record>