
  <record>
    <leader>00000ncc a2200000 u 4500</leader>
    <controlfield tag="001">1307</controlfield>
    <datafield tag="100" ind1=" " ind2=" ">
      <subfield code="a">Marcos y Navas, Francisco</subfield>
    </datafield>
    <datafield tag="260" ind1=" " ind2=" ">
      <subfield code="a">Madrid</subfield>
      <subfield code="b">J. Doblado</subfield>
      <subfield code="c">1776</subfield>
    </datafield>
    <datafield tag="500" ind1=" " ind2=" ">
      <subfield code="a">Contains: </subfield>
    </datafield>
  </record>