
  <record>
    <leader>00000ncc a2200000 u 4500</leader>
    <controlfield tag="001">1313</controlfield>
    <datafield tag="100" ind1=" " ind2=" ">
      <subfield code="a">Roig, Nicolas Pasqual</subfield>
    </datafield>
    <datafield tag="260" ind1=" " ind2=" ">
      <subfield code="a">Madrid</subfield>
      <subfield code="b">Por D. Joachin Ibarra</subfield>
      <subfield code="c">1778</subfield>
    </datafield>
    <datafield tag="500" ind1=" " ind2=" ">
      <subfield code="a">Contains: </subfield>
    </datafield>
  </record>