
  <record>
    <leader>00000ncc a2200000 u 4500</leader>
    <controlfield tag="001">1315</controlfield>
    <datafield tag="100" ind1=" " ind2=" ">
      <subfield code="a">Corri, Domenico</subfield>
    </datafield>
    <datafield tag="260" ind1=" " ind2=" ">
      <subfield code="a">Edinburgh</subfield>
      <subfield code="b">J. Corri</subfield>
      <subfield code="c">1779</subfield>
    </datafield>
    <datafield tag="500" ind1=" " ind2=" ">
      <subfield code="a">Contains: 4 vol. (1779–91)</subfield>
    </datafield>
  </record>