
  <record>
    <leader>00000ncc a2200000 u 4500</leader>
    <controlfield tag="001">1316</controlfield>
    <datafield tag="100" ind1=" " ind2=" ">
      <subfield code="a">Law, Andrew</subfield>
    </datafield>
    <datafield tag="260" ind1=" " ind2=" ">
      <subfield code="a">Haven</subfield>
      <subfield code="b">T. and S. Green</subfield>
      <subfield code="c">1779</subfield>
    </datafield>
    <datafield tag="500" ind1=" " ind2=" ">
      <subfield code="a">Contains: Later edition: 1812 (Philadelphia: R. and W. Carr)</subfield>
    </datafield>
  </record>