
  <record>
    <leader>00000ncc a2200000 u 4500</leader>
    <controlfield tag="001">1318</controlfield>
    <datafield tag="100" ind1=" " ind2=" ">
      <subfield code="a">Vogler, Georg Joseph</subfield>
    </datafield>
    <datafield tag="260" ind1=" " ind2=" ">
      <subfield code="a">Speyer</subfield>
      <subfield code="b">s. n. [Bossler]</subfield>
      <subfield code="c">1779</subfield>
    </datafield>
    <datafield tag="500" ind1=" " ind2=" ">
      <subfield code="a">Contains: in: Betrachtungen der Mannheimer Tonschule, vol. 2, p. 1-17</subfield>
    </datafield>
  </record>