
  <record>
    <leader>00000ncc a2200000 u 4500</leader>
    <controlfield tag="001">1319</controlfield>
    <datafield tag="100" ind1=" " ind2=" ">
      <subfield code="a">Bertezén, Salvatore</subfield>
    </datafield>
    <datafield tag="260" ind1=" " ind2=" ">
      <subfield code="a">Roma</subfield>
      <subfield code="b">Salomoni</subfield>
      <subfield code="c">1780</subfield>
    </datafield>
    <datafield tag="500" ind1=" " ind2=" ">
      <subfield code="a">Contains: </subfield>
    </datafield>
  </record>