
  <record>
    <leader>00000ncc a2200000 u 4500</leader>
    <controlfield tag="001">1321</controlfield>
    <datafield tag="100" ind1=" " ind2=" ">
      <subfield code="a">Nares, James</subfield>
    </datafield>
    <datafield tag="260" ind1=" " ind2=" ">
      <subfield code="a">London</subfield>
      <subfield code="b">The Author and John Preston </subfield>
      <subfield code="c">1780</subfield>
    </datafield>
    <datafield tag="500" ind1=" " ind2=" ">
      <subfield code="a">Contains: </subfield>
    </datafield>
  </record>