
  <record>
    <leader>00000ncc a2200000 u 4500</leader>
    <controlfield tag="001">1324</controlfield>
    <datafield tag="100" ind1=" " ind2=" ">
      <subfield code="a">Anonymous</subfield>
    </datafield>
    <datafield tag="260" ind1=" " ind2=" ">
      <subfield code="a">Siena</subfield>
      <subfield code="b">V. Pazzini Carli e figli</subfield>
      <subfield code="c">1781</subfield>
    </datafield>
    <datafield tag="500" ind1=" " ind2=" ">
      <subfield code="a">Contains: </subfield>
    </datafield>
  </record>