
  <record>
    <leader>00000ncc a2200000 u 4500</leader>
    <controlfield tag="001">1329</controlfield>
    <datafield tag="100" ind1=" " ind2=" ">
      <subfield code="a">Kirnberger, Johann Philipp</subfield>
    </datafield>
    <datafield tag="260" ind1=" " ind2=" ">
      <subfield code="a">Berlin</subfield>
      <subfield code="b">G. J. Decker</subfield>
      <subfield code="c">1782</subfield>
    </datafield>
    <datafield tag="500" ind1=" " ind2=" ">
      <subfield code="a">Contains: </subfield>
    </datafield>
  </record>