
  <record>
    <leader>00000ncc a2200000 u 4500</leader>
    <controlfield tag="001">1331</controlfield>
    <datafield tag="100" ind1=" " ind2=" ">
      <subfield code="a">Pizzati, Giuseppe</subfield>
    </datafield>
    <datafield tag="260" ind1=" " ind2=" ">
      <subfield code="a">Venezia</subfield>
      <subfield code="b">Vendramini - Mosca</subfield>
      <subfield code="c">1782</subfield>
    </datafield>
    <datafield tag="500" ind1=" " ind2=" ">
      <subfield code="a">Contains: Printed without year and place, but obviously related to Pizzati's 1782 publication.</subfield>
    </datafield>
  </record>