
  <record>
    <leader>00000ncc a2200000 u 4500</leader>
    <controlfield tag="001">1335</controlfield>
    <datafield tag="100" ind1=" " ind2=" ">
      <subfield code="a">Wolf, Georg Friedrich</subfield>
    </datafield>
    <datafield tag="260" ind1=" " ind2=" ">
      <subfield code="a">Halle</subfield>
      <subfield code="b">J. C. Hendel</subfield>
      <subfield code="c">1784</subfield>
    </datafield>
    <datafield tag="500" ind1=" " ind2=" ">
      <subfield code="a">Contains: </subfield>
    </datafield>
  </record>