
  <record>
    <leader>00000ncc a2200000 u 4500</leader>
    <controlfield tag="001">1337</controlfield>
    <datafield tag="100" ind1=" " ind2=" ">
      <subfield code="a">Portmann, Johann Gottlieb</subfield>
    </datafield>
    <datafield tag="260" ind1=" " ind2=" ">
      <subfield code="a">Darmstadt</subfield>
      <subfield code="b">Krämer</subfield>
      <subfield code="c">1785</subfield>
    </datafield>
    <datafield tag="500" ind1=" " ind2=" ">
      <subfield code="a">Contains: </subfield>
    </datafield>
  </record>