
  <record>
    <leader>00000ncc a2200000 u 4500</leader>
    <controlfield tag="001">1338</controlfield>
    <datafield tag="100" ind1=" " ind2=" ">
      <subfield code="a">Tenducci, Giusto Ferdinando</subfield>
    </datafield>
    <datafield tag="260" ind1=" " ind2=" ">
      <subfield code="a">London</subfield>
      <subfield code="b">Longman &amp; Broderip</subfield>
      <subfield code="c">1785</subfield>
    </datafield>
    <datafield tag="500" ind1=" " ind2=" ">
      <subfield code="a">Contains: c. 1785; Partly reported in: Aprile, Giuseppe, The modern method of singing, 1791</subfield>
    </datafield>
  </record>