
  <record>
    <leader>00000ncc a2200000 u 4500</leader>
    <controlfield tag="001">1340</controlfield>
    <datafield tag="100" ind1=" " ind2=" ">
      <subfield code="a">Aprile, Giuseppe</subfield>
    </datafield>
    <datafield tag="260" ind1=" " ind2=" ">
      <subfield code="a">Napoli</subfield>
      <subfield code="b">L. Marescalchi </subfield>
      <subfield code="c">1786</subfield>
    </datafield>
    <datafield tag="500" ind1=" " ind2=" ">
      <subfield code="a">Contains: Link: manuscript copy, 18th century, second half</subfield>
    </datafield>
  </record>