
  <record>
    <leader>00000ncc a2200000 u 4500</leader>
    <controlfield tag="001">1341</controlfield>
    <datafield tag="100" ind1=" " ind2=" ">
      <subfield code="a">Cardon, Jean-Guillain</subfield>
    </datafield>
    <datafield tag="260" ind1=" " ind2=" ">
      <subfield code="a">Versailles [et al.]</subfield>
      <subfield code="b">The Author</subfield>
      <subfield code="c">1786</subfield>
    </datafield>
    <datafield tag="500" ind1=" " ind2=" ">
      <subfield code="a">Contains: c. 1786</subfield>
    </datafield>
  </record>