
  <record>
    <leader>00000ncc a2200000 u 4500</leader>
    <controlfield tag="001">1342</controlfield>
    <datafield tag="100" ind1=" " ind2=" ">
      <subfield code="a">Foglietti, Ignazio Domenico</subfield>
    </datafield>
    <datafield tag="260" ind1=" " ind2=" ">
      <subfield code="a">Pinerolo</subfield>
      <subfield code="b">G. Peyras e G. Scotto</subfield>
      <subfield code="c">1786</subfield>
    </datafield>
    <datafield tag="500" ind1=" " ind2=" ">
      <subfield code="a">Contains: </subfield>
    </datafield>
  </record>