
  <record>
    <leader>00000ncc a2200000 u 4500</leader>
    <controlfield tag="001">1349</controlfield>
    <datafield tag="100" ind1=" " ind2=" ">
      <subfield code="a">Cambini, Giovanni Giuseppe</subfield>
    </datafield>
    <datafield tag="260" ind1=" " ind2=" ">
      <subfield code="a">Paris</subfield>
      <subfield code="b">Le Duc</subfield>
      <subfield code="c">1788</subfield>
    </datafield>
    <datafield tag="500" ind1=" " ind2=" ">
      <subfield code="a">Contains: c. 1788 </subfield>
    </datafield>
  </record>