
  <record>
    <leader>00000ncc a2200000 u 4500</leader>
    <controlfield tag="001">1351</controlfield>
    <datafield tag="100" ind1=" " ind2=" ">
      <subfield code="a">Manfredini, Vincenzo</subfield>
    </datafield>
    <datafield tag="260" ind1=" " ind2=" ">
      <subfield code="a">Bologna</subfield>
      <subfield code="b">C. Trenti</subfield>
      <subfield code="c">1788</subfield>
    </datafield>
    <datafield tag="500" ind1=" " ind2=" ">
      <subfield code="a">Contains: </subfield>
    </datafield>
  </record>