
  <record>
    <leader>00000ncc a2200000 u 4500</leader>
    <controlfield tag="001">1354</controlfield>
    <datafield tag="100" ind1=" " ind2=" ">
      <subfield code="a">Grétry, André Ernest</subfield>
    </datafield>
    <datafield tag="260" ind1=" " ind2=" ">
      <subfield code="a">Paris [et al.]</subfield>
      <subfield code="b">The Author</subfield>
      <subfield code="c">1789</subfield>
    </datafield>
    <datafield tag="500" ind1=" " ind2=" ">
      <subfield code="a">Contains: </subfield>
    </datafield>
  </record>