
  <record>
    <leader>00000ncc a2200000 u 4500</leader>
    <controlfield tag="001">1355</controlfield>
    <datafield tag="100" ind1=" " ind2=" ">
      <subfield code="a">Jürrns, J.F.</subfield>
    </datafield>
    <datafield tag="260" ind1=" " ind2=" ">
      <subfield code="a">Amsterdam</subfield>
      <subfield code="b">s. n.</subfield>
      <subfield code="c">1789</subfield>
    </datafield>
    <datafield tag="500" ind1=" " ind2=" ">
      <subfield code="a">Contains: </subfield>
    </datafield>
  </record>