
  <record>
    <leader>00000ncc a2200000 u 4500</leader>
    <controlfield tag="001">1356</controlfield>
    <datafield tag="100" ind1=" " ind2=" ">
      <subfield code="a">Sabbatini, Luigi Antonio</subfield>
    </datafield>
    <datafield tag="260" ind1=" " ind2=" ">
      <subfield code="a">Roma</subfield>
      <subfield code="b">P. Cracas &amp; G.Rotilj </subfield>
      <subfield code="c">1789</subfield>
    </datafield>
    <datafield tag="500" ind1=" " ind2=" ">
      <subfield code="a">Contains: 3 vol.</subfield>
    </datafield>
  </record>