
  <record>
    <leader>00000ncc a2200000 u 4500</leader>
    <controlfield tag="001">1357</controlfield>
    <datafield tag="100" ind1=" " ind2=" ">
      <subfield code="a">Aprile, Giuseppe</subfield>
    </datafield>
    <datafield tag="260" ind1=" " ind2=" ">
      <subfield code="a">London</subfield>
      <subfield code="b">R. Birchall</subfield>
      <subfield code="c">1791</subfield>
    </datafield>
    <datafield tag="500" ind1=" " ind2=" ">
      <subfield code="a">Contains: c. 1791; link: second edition 1795</subfield>
    </datafield>
  </record>