
  <record>
    <leader>00000ncc a2200000 u 4500</leader>
    <controlfield tag="001">1358</controlfield>
    <datafield tag="100" ind1=" " ind2=" ">
      <subfield code="a">Framery, Nicolas Etienne [et al.]</subfield>
    </datafield>
    <datafield tag="260" ind1=" " ind2=" ">
      <subfield code="a">Paris</subfield>
      <subfield code="b">Panckoucke</subfield>
      <subfield code="c">1791</subfield>
    </datafield>
    <datafield tag="500" ind1=" " ind2=" ">
      <subfield code="a">Contains: first vol.</subfield>
    </datafield>
  </record>