
  <record>
    <leader>00000ncc a2200000 u 4500</leader>
    <controlfield tag="001">1361</controlfield>
    <datafield tag="100" ind1=" " ind2=" ">
      <subfield code="a">Kaesermann, Nikolaus</subfield>
    </datafield>
    <datafield tag="260" ind1=" " ind2=" ">
      <subfield code="a">Bern</subfield>
      <subfield code="b">Hochobrigkeitl. Buchdruckerey</subfield>
      <subfield code="c">1792</subfield>
    </datafield>
    <datafield tag="500" ind1=" " ind2=" ">
      <subfield code="a">Contains: </subfield>
    </datafield>
  </record>