
  <record>
    <leader>00000ncc a2200000 u 4500</leader>
    <controlfield tag="001">1362</controlfield>
    <datafield tag="100" ind1=" " ind2=" ">
      <subfield code="a">Martini, Jean-Paul-Egide</subfield>
    </datafield>
    <datafield tag="260" ind1=" " ind2=" ">
      <subfield code="a">Paris [et al.]</subfield>
      <subfield code="b">Boyer</subfield>
      <subfield code="c">1792</subfield>
    </datafield>
    <datafield tag="500" ind1=" " ind2=" ">
      <subfield code="a">Contains: </subfield>
    </datafield>
  </record>