
  <record>
    <leader>00000ncc a2200000 u 4500</leader>
    <controlfield tag="001">1366</controlfield>
    <datafield tag="100" ind1=" " ind2=" ">
      <subfield code="a">Mancini, Giambattista</subfield>
    </datafield>
    <datafield tag="260" ind1=" " ind2=" ">
      <subfield code="a">Paris</subfield>
      <subfield code="b">Du Pont</subfield>
      <subfield code="c">1795</subfield>
    </datafield>
    <datafield tag="500" ind1=" " ind2=" ">
      <subfield code="a">Contains: translated by Gérard de Rayneval</subfield>
    </datafield>
  </record>