
  <record>
    <leader>00000ncc a2200000 u 4500</leader>
    <controlfield tag="001">1367</controlfield>
    <datafield tag="100" ind1=" " ind2=" ">
      <subfield code="a">Trisobio, Filippo</subfield>
    </datafield>
    <datafield tag="260" ind1=" " ind2=" ">
      <subfield code="a"/>
      <subfield code="b">Houston &amp; Hyde</subfield>
      <subfield code="c">1795</subfield>
    </datafield>
    <datafield tag="500" ind1=" " ind2=" ">
      <subfield code="a">Contains: </subfield>
    </datafield>
  </record>