
  <record>
    <leader>00000ncc a2200000 u 4500</leader>
    <controlfield tag="001">1368</controlfield>
    <datafield tag="100" ind1=" " ind2=" ">
      <subfield code="a">Weimar, Georg Peter</subfield>
    </datafield>
    <datafield tag="260" ind1=" " ind2=" ">
      <subfield code="a">Leipzig</subfield>
      <subfield code="b">Breitkopf</subfield>
      <subfield code="c">1795</subfield>
    </datafield>
    <datafield tag="500" ind1=" " ind2=" ">
      <subfield code="a">Contains: c. 1795</subfield>
    </datafield>
  </record>