
  <record>
    <leader>00000ncc a2200000 u 4500</leader>
    <controlfield tag="001">1370</controlfield>
    <datafield tag="100" ind1=" " ind2=" ">
      <subfield code="a">Skinner, Ichabod L.</subfield>
    </datafield>
    <datafield tag="260" ind1=" " ind2=" ">
      <subfield code="a">Hartford</subfield>
      <subfield code="b">Hudson &amp; Goodwin</subfield>
      <subfield code="c">1796</subfield>
    </datafield>
    <datafield tag="500" ind1=" " ind2=" ">
      <subfield code="a">Contains: </subfield>
    </datafield>
  </record>