
  <record>
    <leader>00000ncc a2200000 u 4500</leader>
    <controlfield tag="001">1373</controlfield>
    <datafield tag="100" ind1=" " ind2=" ">
      <subfield code="a">Ebers, Carl Friedrich</subfield>
    </datafield>
    <datafield tag="260" ind1=" " ind2=" ">
      <subfield code="a">Mainz</subfield>
      <subfield code="b">Schott</subfield>
      <subfield code="c">1798</subfield>
    </datafield>
    <datafield tag="500" ind1=" " ind2=" ">
      <subfield code="a">Contains: </subfield>
    </datafield>
  </record>