
  <record>
    <leader>00000ncc a2200000 u 4500</leader>
    <controlfield tag="001">1374</controlfield>
    <datafield tag="100" ind1=" " ind2=" ">
      <subfield code="a">Horstig, K. G.</subfield>
    </datafield>
    <datafield tag="260" ind1=" " ind2=" ">
      <subfield code="a">Leipzig</subfield>
      <subfield code="b">Breitkopf &amp; Härtel</subfield>
      <subfield code="c">1798</subfield>
    </datafield>
    <datafield tag="500" ind1=" " ind2=" ">
      <subfield code="a">Contains: in: Allgemeine Musikalische Zeitung 1 (col. 166-174, 183-189, 197-201, 214-220) </subfield>
    </datafield>
  </record>