
  <record>
    <leader>00000ncc a2200000 u 4500</leader>
    <controlfield tag="001">1375</controlfield>
    <datafield tag="100" ind1=" " ind2=" ">
      <subfield code="a">Lasser, Johann Baptist</subfield>
    </datafield>
    <datafield tag="260" ind1=" " ind2=" ">
      <subfield code="a">München</subfield>
      <subfield code="b">Falter</subfield>
      <subfield code="c">1798</subfield>
    </datafield>
    <datafield tag="500" ind1=" " ind2=" ">
      <subfield code="a">Contains: </subfield>
    </datafield>
  </record>