
  <record>
    <leader>00000ncc a2200000 u 4500</leader>
    <controlfield tag="001">1376</controlfield>
    <datafield tag="100" ind1=" " ind2=" ">
      <subfield code="a">Rigler, Franz Xaver</subfield>
    </datafield>
    <datafield tag="260" ind1=" " ind2=" ">
      <subfield code="a">Ofen</subfield>
      <subfield code="b">Verlag der Köngl. hungar. Universitätsbuchdruckerey</subfield>
      <subfield code="c">1798</subfield>
    </datafield>
    <datafield tag="500" ind1=" " ind2=" ">
      <subfield code="a">Contains: </subfield>
    </datafield>
  </record>