
  <record>
    <leader>00000ncc a2200000 u 4500</leader>
    <controlfield tag="001">1377</controlfield>
    <datafield tag="100" ind1=" " ind2=" ">
      <subfield code="a">Walder, Johann Jacob</subfield>
    </datafield>
    <datafield tag="260" ind1=" " ind2=" ">
      <subfield code="a">St. Gallen</subfield>
      <subfield code="b">Hausknecht</subfield>
      <subfield code="c">1798</subfield>
    </datafield>
    <datafield tag="500" ind1=" " ind2=" ">
      <subfield code="a">Contains: </subfield>
    </datafield>
  </record>