
  <record>
    <leader>00000ncc a2200000 u 4500</leader>
    <controlfield tag="001">1379</controlfield>
    <datafield tag="100" ind1=" " ind2=" ">
      <subfield code="a">Remacha, Miguel Lopez</subfield>
    </datafield>
    <datafield tag="260" ind1=" " ind2=" ">
      <subfield code="a">Madrid</subfield>
      <subfield code="b">B. Cano</subfield>
      <subfield code="c">1799</subfield>
    </datafield>
    <datafield tag="500" ind1=" " ind2=" ">
      <subfield code="a">Contains: </subfield>
    </datafield>
  </record>