
  <record>
    <leader>00000ncc a2200000 u 4500</leader>
    <controlfield tag="001">1381</controlfield>
    <datafield tag="100" ind1=" " ind2=" ">
      <subfield code="a">Rodolphe, Jean-Joseph</subfield>
    </datafield>
    <datafield tag="260" ind1=" " ind2=" ">
      <subfield code="a">Paris</subfield>
      <subfield code="b">Nadermann</subfield>
      <subfield code="c">1800</subfield>
    </datafield>
    <datafield tag="500" ind1=" " ind2=" ">
      <subfield code="a">Contains: c. 1800</subfield>
    </datafield>
  </record>