
  <record>
    <leader>00000ncc a2200000 u 4500</leader>
    <controlfield tag="001">1384</controlfield>
    <datafield tag="100" ind1=" " ind2=" ">
      <subfield code="a">Dal Lino, Giovanni</subfield>
    </datafield>
    <datafield tag="260" ind1=" " ind2=" ">
      <subfield code="a">Vicenza</subfield>
      <subfield code="b">Addison &amp; Hollier</subfield>
      <subfield code="c">1800</subfield>
    </datafield>
    <datafield tag="500" ind1=" " ind2=" ">
      <subfield code="a">Contains: </subfield>
    </datafield>
  </record>