
  <record>
    <leader>00000ncc a2200000 u 4500</leader>
    <controlfield tag="001">1385</controlfield>
    <datafield tag="100" ind1=" " ind2=" ">
      <subfield code="a">Calegari, Antonio</subfield>
    </datafield>
    <datafield tag="260" ind1=" " ind2=" ">
      <subfield code="a">Venezia</subfield>
      <subfield code="b">Sebastiano Valle</subfield>
      <subfield code="c">1801</subfield>
    </datafield>
    <datafield tag="500" ind1=" " ind2=" ">
      <subfield code="a">Contains: </subfield>
    </datafield>
  </record>