
  <record>
    <leader>00000ncc a2200000 u 4500</leader>
    <controlfield tag="001">1386</controlfield>
    <datafield tag="100" ind1=" " ind2=" ">
      <subfield code="a">Koch, Heinrich Christoph</subfield>
    </datafield>
    <datafield tag="260" ind1=" " ind2=" ">
      <subfield code="a">Offenbach/M. </subfield>
      <subfield code="b">J. André</subfield>
      <subfield code="c">1802</subfield>
    </datafield>
    <datafield tag="500" ind1=" " ind2=" ">
      <subfield code="a">Contains: published without year</subfield>
    </datafield>
  </record>