
  <record>
    <leader>00000ncc a2200000 u 4500</leader>
    <controlfield tag="001">1387</controlfield>
    <datafield tag="100" ind1=" " ind2=" ">
      <subfield code="a">d'Aubigny von Engelbrunner, Nina</subfield>
    </datafield>
    <datafield tag="260" ind1=" " ind2=" ">
      <subfield code="a">Leipzig</subfield>
      <subfield code="b">Voss und Compagnie</subfield>
      <subfield code="c">1803</subfield>
    </datafield>
    <datafield tag="500" ind1=" " ind2=" ">
      <subfield code="a">Contains: </subfield>
    </datafield>
  </record>