
  <record>
    <leader>00000ncc a2200000 u 4500</leader>
    <controlfield tag="001">1394</controlfield>
    <datafield tag="100" ind1=" " ind2=" ">
      <subfield code="a">Baccioni, Joseph</subfield>
    </datafield>
    <datafield tag="260" ind1=" " ind2=" ">
      <subfield code="a">Firenze</subfield>
      <subfield code="c">1807</subfield>
    </datafield>
    <datafield tag="500" ind1=" " ind2=" ">
      <subfield code="a">Contains: mentioned only in F.-J. Fétis, Biographie universelle des musiciens, vol. 2, p. 4  </subfield>
    </datafield>
  </record>