
  <record>
    <leader>00000ncc a2200000 u 4500</leader>
    <controlfield tag="001">1398</controlfield>
    <datafield tag="100" ind1=" " ind2=" ">
      <subfield code="a">Cassata, Filippo</subfield>
    </datafield>
    <datafield tag="260" ind1=" " ind2=" ">
      <subfield code="a">Palermo </subfield>
      <subfield code="b">D. Adorno</subfield>
      <subfield code="c">1808</subfield>
    </datafield>
    <datafield tag="500" ind1=" " ind2=" ">
      <subfield code="a">Contains: </subfield>
    </datafield>
  </record>