
  <record>
    <leader>00000ncc a2200000 u 4500</leader>
    <controlfield tag="001">1399</controlfield>
    <datafield tag="100" ind1=" " ind2=" ">
      <subfield code="a">Lanza, Gesualdo</subfield>
    </datafield>
    <datafield tag="260" ind1=" " ind2=" ">
      <subfield code="a">London</subfield>
      <subfield code="b">Chapell e Compagnio</subfield>
      <subfield code="c">1809</subfield>
    </datafield>
    <datafield tag="500" ind1=" " ind2=" ">
      <subfield code="a">Contains: 1809 c. </subfield>
    </datafield>
  </record>