
  <record>
    <leader>00000ncc a2200000 u 4500</leader>
    <controlfield tag="001">1402</controlfield>
    <datafield tag="100" ind1=" " ind2=" ">
      <subfield code="a">Perrino, Marcello</subfield>
    </datafield>
    <datafield tag="260" ind1=" " ind2=" ">
      <subfield code="a">Napoli</subfield>
      <subfield code="b">A. Trani / Stamperia reale</subfield>
      <subfield code="c">1810</subfield>
    </datafield>
    <datafield tag="500" ind1=" " ind2=" ">
      <subfield code="a">Contains: </subfield>
    </datafield>
  </record>