
  <record>
    <leader>00000ncc a2200000 u 4500</leader>
    <controlfield tag="001">1403</controlfield>
    <datafield tag="100" ind1=" " ind2=" ">
      <subfield code="a">Witzka, Carl Bonaventura</subfield>
    </datafield>
    <datafield tag="260" ind1=" " ind2=" ">
      <subfield code="a">Augsburg</subfield>
      <subfield code="b">A. Böhm</subfield>
      <subfield code="c">1810</subfield>
    </datafield>
    <datafield tag="500" ind1=" " ind2=" ">
      <subfield code="a">Contains: c. 1810</subfield>
    </datafield>
  </record>