
  <record>
    <leader>00000ncc a2200000 u 4500</leader>
    <controlfield tag="001">1406</controlfield>
    <datafield tag="100" ind1=" " ind2=" ">
      <subfield code="a">Vogler, Georg Joseph</subfield>
    </datafield>
    <datafield tag="260" ind1=" " ind2=" ">
      <subfield code="a">München</subfield>
      <subfield code="b">Falter und Sohn</subfield>
      <subfield code="c">1810</subfield>
    </datafield>
    <datafield tag="500" ind1=" " ind2=" ">
      <subfield code="a">Contains: c. 1810</subfield>
    </datafield>
  </record>