
  <record>
    <leader>00000ncc a2200000 u 4500</leader>
    <controlfield tag="001">1408</controlfield>
    <datafield tag="100" ind1=" " ind2=" ">
      <subfield code="a">Pfeiffer, Michael Traugott; Nägeli, Hans Georg</subfield>
    </datafield>
    <datafield tag="260" ind1=" " ind2=" ">
      <subfield code="a">Zürich</subfield>
      <subfield code="b">H. G. Nägeli</subfield>
      <subfield code="c">1810</subfield>
    </datafield>
    <datafield tag="500" ind1=" " ind2=" ">
      <subfield code="a">Contains: </subfield>
    </datafield>
  </record>