
  <record>
    <leader>00000ncc a2200000 u 4500</leader>
    <controlfield tag="001">1409</controlfield>
    <datafield tag="100" ind1=" " ind2=" ">
      <subfield code="a">Nägeli, Hans Georg</subfield>
    </datafield>
    <datafield tag="260" ind1=" " ind2=" ">
      <subfield code="a">Leipzig</subfield>
      <subfield code="c">1811</subfield>
    </datafield>
    <datafield tag="500" ind1=" " ind2=" ">
      <subfield code="a">Contains: in: Allgemeine Musikalische Zeitung, 13, Leipzig, 1811 (col. 629–642, 645–652) </subfield>
    </datafield>
  </record>