
  <record>
    <leader>00000ncc a2200000 u 4500</leader>
    <controlfield tag="001">1410</controlfield>
    <datafield tag="100" ind1=" " ind2=" ">
      <subfield code="a">Crescentini, Girolamo</subfield>
    </datafield>
    <datafield tag="260" ind1=" " ind2=" ">
      <subfield code="a">Napoli, Paris</subfield>
      <subfield code="b">Napoli: Girard; Paris: Imbault</subfield>
      <subfield code="c">1811</subfield>
    </datafield>
    <datafield tag="500" ind1=" " ind2=" ">
      <subfield code="a">Contains: c. 1811</subfield>
    </datafield>
  </record>