
  <record>
    <leader>00000ncc a2200000 u 4500</leader>
    <controlfield tag="001">1411</controlfield>
    <datafield tag="100" ind1=" " ind2=" ">
      <subfield code="a">Anonymous</subfield>
    </datafield>
    <datafield tag="260" ind1=" " ind2=" ">
      <subfield code="a">Leipzig</subfield>
      <subfield code="c">1812</subfield>
    </datafield>
    <datafield tag="500" ind1=" " ind2=" ">
      <subfield code="a">Contains: in: Allgemeine Musikalische Zeitung, 14, Leipzig, 1812, (col. 823–845); 15, Leipzig, 1813 (col. 165–176, 181–192) </subfield>
    </datafield>
  </record>