
  <record>
    <leader>00000ncc a2200000 u 4500</leader>
    <controlfield tag="001">1413</controlfield>
    <datafield tag="100" ind1=" " ind2=" ">
      <subfield code="a">Benelli, Antonio Peregrino</subfield>
    </datafield>
    <datafield tag="260" ind1=" " ind2=" ">
      <subfield code="a">Dresden</subfield>
      <subfield code="b">Arnold</subfield>
      <subfield code="c">1814</subfield>
    </datafield>
    <datafield tag="500" ind1=" " ind2=" ">
      <subfield code="a">Contains: second edition 1819</subfield>
    </datafield>
  </record>