
  <record>
    <leader>00000ncc a2200000 u 4500</leader>
    <controlfield tag="001">1414</controlfield>
    <datafield tag="100" ind1=" " ind2=" ">
      <subfield code="a">Liscovius [Liskovius], Karl Friedrich Salomon</subfield>
    </datafield>
    <datafield tag="260" ind1=" " ind2=" ">
      <subfield code="a">Leipzig </subfield>
      <subfield code="b">Breitkopf &amp; Härtel</subfield>
      <subfield code="c">1814</subfield>
    </datafield>
    <datafield tag="500" ind1=" " ind2=" ">
      <subfield code="a">Contains: </subfield>
    </datafield>
  </record>