
  <record>
    <leader>00000ncc a2200000 u 4500</leader>
    <controlfield tag="001">1418</controlfield>
    <datafield tag="100" ind1=" " ind2=" ">
      <subfield code="a">Garcia, Manuel (sen.)</subfield>
    </datafield>
    <datafield tag="260" ind1=" " ind2=" ">
      <subfield code="a">Napoli</subfield>
      <subfield code="c">1815</subfield>
    </datafield>
    <datafield tag="500" ind1=" " ind2=" ">
      <subfield code="a">Contains: second edition 1838</subfield>
    </datafield>
  </record>