
  <record>
    <leader>00000ncc a2200000 u 4500</leader>
    <controlfield tag="001">1419</controlfield>
    <datafield tag="100" ind1=" " ind2=" ">
      <subfield code="a">Catalani, Angelica</subfield>
    </datafield>
    <datafield tag="260" ind1=" " ind2=" ">
      <subfield code="a"/>
      <subfield code="c">1815</subfield>
    </datafield>
    <datafield tag="500" ind1=" " ind2=" ">
      <subfield code="a">Contains: before 1815</subfield>
    </datafield>
  </record>