
  <record>
    <leader>00000ncc a2200000 u 4500</leader>
    <controlfield tag="001">1420</controlfield>
    <datafield tag="100" ind1=" " ind2=" ">
      <subfield code="a">Pfeiffer, Michael Traugott</subfield>
    </datafield>
    <datafield tag="260" ind1=" " ind2=" ">
      <subfield code="a">Leipzig</subfield>
      <subfield code="b">F. Hofmeister</subfield>
      <subfield code="c">1815</subfield>
    </datafield>
    <datafield tag="500" ind1=" " ind2=" ">
      <subfield code="a">Contains: c. 1815</subfield>
    </datafield>
  </record>