
  <record>
    <leader>00000ncc a2200000 u 4500</leader>
    <controlfield tag="001">1422</controlfield>
    <datafield tag="100" ind1=" " ind2=" ">
      <subfield code="a">Natorp, Bernhard Christoph Ludwig</subfield>
    </datafield>
    <datafield tag="260" ind1=" " ind2=" ">
      <subfield code="a">Essen, Duisburg</subfield>
      <subfield code="b">G. D. Bädeker</subfield>
      <subfield code="c">1817</subfield>
    </datafield>
    <datafield tag="500" ind1=" " ind2=" ">
      <subfield code="a">Contains: </subfield>
    </datafield>
  </record>