
  <record>
    <leader>00000ncc a2200000 u 4500</leader>
    <controlfield tag="001">1423</controlfield>
    <datafield tag="100" ind1=" " ind2=" ">
      <subfield code="a">Crescentini, Girolamo</subfield>
    </datafield>
    <datafield tag="260" ind1=" " ind2=" ">
      <subfield code="a">Paris, Leipzig</subfield>
      <subfield code="b">Paris: De Garaudé; Leipzig: Probst</subfield>
      <subfield code="c">1818</subfield>
    </datafield>
    <datafield tag="500" ind1=" " ind2=" ">
      <subfield code="a">Contains: c. 1818–1823 </subfield>
    </datafield>
  </record>