
  <record>
    <leader>00000ncc a2200000 u 4500</leader>
    <controlfield tag="001">1424</controlfield>
    <datafield tag="100" ind1=" " ind2=" ">
      <subfield code="a">Schaul, Johann Baptist</subfield>
    </datafield>
    <datafield tag="260" ind1=" " ind2=" ">
      <subfield code="a">Karlsruhe</subfield>
      <subfield code="b">G. Braun</subfield>
      <subfield code="c">1818</subfield>
    </datafield>
    <datafield tag="500" ind1=" " ind2=" ">
      <subfield code="a">Contains: </subfield>
    </datafield>
  </record>