
  <record>
    <leader>00000ncc a2200000 u 4500</leader>
    <controlfield tag="001">1427</controlfield>
    <datafield tag="100" ind1=" " ind2=" ">
      <subfield code="a">Natorp, Bernhard Christoph Ludwig (edited by)</subfield>
    </datafield>
    <datafield tag="260" ind1=" " ind2=" ">
      <subfield code="a">Essen</subfield>
      <subfield code="b">G. D.  Bädeker</subfield>
      <subfield code="c">1819</subfield>
    </datafield>
    <datafield tag="500" ind1=" " ind2=" ">
      <subfield code="a">Contains: </subfield>
    </datafield>
  </record>