
  <record>
    <leader>00000ncc a2200000 u 4500</leader>
    <controlfield tag="001">1428</controlfield>
    <datafield tag="100" ind1=" " ind2=" ">
      <subfield code="a">Azzariti-Stella, Michele</subfield>
    </datafield>
    <datafield tag="260" ind1=" " ind2=" ">
      <subfield code="a">Napoli</subfield>
      <subfield code="b">Angelo Trani</subfield>
      <subfield code="c">1819</subfield>
    </datafield>
    <datafield tag="500" ind1=" " ind2=" ">
      <subfield code="a">Contains: </subfield>
    </datafield>
  </record>