
  <record>
    <leader>00000ncc a2200000 u 4500</leader>
    <controlfield tag="001">1431</controlfield>
    <datafield tag="100" ind1=" " ind2=" ">
      <subfield code="a">Asioli, Bonifazio</subfield>
    </datafield>
    <datafield tag="260" ind1=" " ind2=" ">
      <subfield code="a">Napoli</subfield>
      <subfield code="b">Girard</subfield>
      <subfield code="c">1820</subfield>
    </datafield>
    <datafield tag="500" ind1=" " ind2=" ">
      <subfield code="a">Contains: c. 1820; later edition: c. 1845 </subfield>
    </datafield>
  </record>