
  <record>
    <leader>00000ncc a2200000 u 4500</leader>
    <controlfield tag="001">1432</controlfield>
    <datafield tag="100" ind1=" " ind2=" ">
      <subfield code="a">Preindl, Joseph</subfield>
    </datafield>
    <datafield tag="260" ind1=" " ind2=" ">
      <subfield code="a">Wien</subfield>
      <subfield code="b">S. A. Steiner &amp; Comp.</subfield>
      <subfield code="c">1820</subfield>
    </datafield>
    <datafield tag="500" ind1=" " ind2=" ">
      <subfield code="a">Contains: c. 1820</subfield>
    </datafield>
  </record>