
  <record>
    <leader>00000ncc a2200000 u 4500</leader>
    <controlfield tag="001">1440</controlfield>
    <datafield tag="100" ind1=" " ind2=" ">
      <subfield code="a">Hastings, Thomas </subfield>
    </datafield>
    <datafield tag="260" ind1=" " ind2=" ">
      <subfield code="a">Albany</subfield>
      <subfield code="b">Websters and Skinners</subfield>
      <subfield code="c">1822</subfield>
    </datafield>
    <datafield tag="500" ind1=" " ind2=" ">
      <subfield code="a">Contains: </subfield>
    </datafield>
  </record>