
  <record>
    <leader>00000ncc a2200000 u 4500</leader>
    <controlfield tag="001">1441</controlfield>
    <datafield tag="100" ind1=" " ind2=" ">
      <subfield code="a">Hoerger, Joseph</subfield>
    </datafield>
    <datafield tag="260" ind1=" " ind2=" ">
      <subfield code="a">Augsburg</subfield>
      <subfield code="b">A. Boehm</subfield>
      <subfield code="c">1822</subfield>
    </datafield>
    <datafield tag="500" ind1=" " ind2=" ">
      <subfield code="a">Contains: c. 1822</subfield>
    </datafield>
  </record>