
  <record>
    <leader>00000ncc a2200000 u 4500</leader>
    <controlfield tag="001">1442</controlfield>
    <datafield tag="100" ind1=" " ind2=" ">
      <subfield code="a">Häser, August Ferdinand</subfield>
    </datafield>
    <datafield tag="260" ind1=" " ind2=" ">
      <subfield code="a">Leipzig</subfield>
      <subfield code="b">Breitkopf &amp; Härtel</subfield>
      <subfield code="c">1822</subfield>
    </datafield>
    <datafield tag="500" ind1=" " ind2=" ">
      <subfield code="a">Contains: c. 1822; furthermore in: Allgemeine Musikalische Zeitung, 24, 1821, col. 3–12, 17–23, 33–39, 53–58, 73–78, 89–97, 105–115, 121–128, 137–141, 153–159, 169–176, 185–191)  </subfield>
    </datafield>
  </record>