
  <record>
    <leader>00000ncc a2200000 u 4500</leader>
    <controlfield tag="001">1443</controlfield>
    <datafield tag="100" ind1=" " ind2=" ">
      <subfield code="a">Fröhlich, Franz Joseph</subfield>
    </datafield>
    <datafield tag="260" ind1=" " ind2=" ">
      <subfield code="a">Würzburg</subfield>
      <subfield code="b">J. Dorbarth</subfield>
      <subfield code="c">1822</subfield>
    </datafield>
    <datafield tag="500" ind1=" " ind2=" ">
      <subfield code="a">Contains: 2 vol.; vol. 2 (1829) on instrumental practice</subfield>
    </datafield>
  </record>