
  <record>
    <leader>00000ncc a2200000 u 4500</leader>
    <controlfield tag="001">1444</controlfield>
    <datafield tag="100" ind1=" " ind2=" ">
      <subfield code="a">Bacon, Richard Mackenzie</subfield>
    </datafield>
    <datafield tag="260" ind1=" " ind2=" ">
      <subfield code="a">London</subfield>
      <subfield code="c">1824</subfield>
    </datafield>
    <datafield tag="500" ind1=" " ind2=" ">
      <subfield code="a">Contains: c. 1824</subfield>
    </datafield>
  </record>