
  <record>
    <leader>00000ncc a2200000 u 4500</leader>
    <controlfield tag="001">1446</controlfield>
    <datafield tag="100" ind1=" " ind2=" ">
      <subfield code="a">Costa, Andrea </subfield>
    </datafield>
    <datafield tag="260" ind1=" " ind2=" ">
      <subfield code="a">London</subfield>
      <subfield code="b">G. Schulze</subfield>
      <subfield code="c">1824</subfield>
    </datafield>
    <datafield tag="500" ind1=" " ind2=" ">
      <subfield code="a">Contains: </subfield>
    </datafield>
  </record>