
  <record>
    <leader>00000ncc a2200000 u 4500</leader>
    <controlfield tag="001">1453</controlfield>
    <datafield tag="100" ind1=" " ind2=" ">
      <subfield code="a">Philipps, Thomas</subfield>
    </datafield>
    <datafield tag="260" ind1=" " ind2=" ">
      <subfield code="a">Dublin, London</subfield>
      <subfield code="b">Dublin: J. Willis and Co.; London: Longman, Rees et al.</subfield>
      <subfield code="c">1826</subfield>
    </datafield>
    <datafield tag="500" ind1=" " ind2=" ">
      <subfield code="a">Contains: </subfield>
    </datafield>
  </record>