
  <record>
    <leader>00000ncc a2200000 u 4500</leader>
    <controlfield tag="001">1454</controlfield>
    <datafield tag="100" ind1=" " ind2=" ">
      <subfield code="a">Asioli, Bonifacio (translated and annotated by J. Jousse)</subfield>
    </datafield>
    <datafield tag="260" ind1=" " ind2=" ">
      <subfield code="a">London</subfield>
      <subfield code="b">Cramer, Addison and Beale</subfield>
      <subfield code="c">1826</subfield>
    </datafield>
    <datafield tag="500" ind1=" " ind2=" ">
      <subfield code="a">Contains: c. 1826</subfield>
    </datafield>
  </record>