
  <record>
    <leader>00000ncc a2200000 u 4500</leader>
    <controlfield tag="001">1455</controlfield>
    <datafield tag="100" ind1=" " ind2=" ">
      <subfield code="a">Lichtenthal, Pietro</subfield>
    </datafield>
    <datafield tag="260" ind1=" " ind2=" ">
      <subfield code="a">Milano</subfield>
      <subfield code="b">A. Fontana</subfield>
      <subfield code="c">1826</subfield>
    </datafield>
    <datafield tag="500" ind1=" " ind2=" ">
      <subfield code="a">Contains: 4 vol. </subfield>
    </datafield>
  </record>