
  <record>
    <leader>00000ncc a2200000 u 4500</leader>
    <controlfield tag="001">1456</controlfield>
    <datafield tag="100" ind1=" " ind2=" ">
      <subfield code="a">Garaudé, Alexis de [Alessio De Garaude']</subfield>
    </datafield>
    <datafield tag="260" ind1=" " ind2=" ">
      <subfield code="a">Milano</subfield>
      <subfield code="b">F. Lucca</subfield>
      <subfield code="c">1826</subfield>
    </datafield>
    <datafield tag="500" ind1=" " ind2=" ">
      <subfield code="a">Contains: c. 1826; also published as Metodo completo di Canto (Paris, Vaillant), s.d. </subfield>
    </datafield>
  </record>