
  <record>
    <leader>00000ncc a2200000 u 4500</leader>
    <controlfield tag="001">1458</controlfield>
    <datafield tag="100" ind1=" " ind2=" ">
      <subfield code="a">Kübler, Gottlob Friedrich </subfield>
    </datafield>
    <datafield tag="260" ind1=" " ind2=" ">
      <subfield code="a">Stuttgart</subfield>
      <subfield code="b">J. B. Metzler</subfield>
      <subfield code="c">1826</subfield>
    </datafield>
    <datafield tag="500" ind1=" " ind2=" ">
      <subfield code="a">Contains: second edition</subfield>
    </datafield>
  </record>