
  <record>
    <leader>00000ncc a2200000 u 4500</leader>
    <controlfield tag="001">1462</controlfield>
    <datafield tag="100" ind1=" " ind2=" ">
      <subfield code="a">Rush, James</subfield>
    </datafield>
    <datafield tag="260" ind1=" " ind2=" ">
      <subfield code="a">Philadelphia, London</subfield>
      <subfield code="b">Philadelphia: Lippincott, Grambo and Co.; London: Grübner</subfield>
      <subfield code="c">1827</subfield>
    </datafield>
    <datafield tag="500" ind1=" " ind2=" ">
      <subfield code="a">Contains: </subfield>
    </datafield>
  </record>