
  <record>
    <leader>00000ncc a2200000 u 4500</leader>
    <controlfield tag="001">1463</controlfield>
    <datafield tag="100" ind1=" " ind2=" ">
      <subfield code="a">Bridi, Giuseppe </subfield>
    </datafield>
    <datafield tag="260" ind1=" " ind2=" ">
      <subfield code="a">Rovereto</subfield>
      <subfield code="b">L. Marchesani </subfield>
      <subfield code="c">1827</subfield>
    </datafield>
    <datafield tag="500" ind1=" " ind2=" ">
      <subfield code="a">Contains: </subfield>
    </datafield>
  </record>