
  <record>
    <leader>00000ncc a2200000 u 4500</leader>
    <controlfield tag="001">1464</controlfield>
    <datafield tag="100" ind1=" " ind2=" ">
      <subfield code="a">Loewe, Carl</subfield>
    </datafield>
    <datafield tag="260" ind1=" " ind2=" ">
      <subfield code="a">Berlin</subfield>
      <subfield code="b">M. Schlesinger</subfield>
      <subfield code="c">1828</subfield>
    </datafield>
    <datafield tag="500" ind1=" " ind2=" ">
      <subfield code="a">Contains: in: Berliner Allgemeine Musikalische Zeitung, 5, 1828 (p. 41–43, 49–51) </subfield>
    </datafield>
  </record>