
  <record>
    <leader>00000ncc a2200000 u 4500</leader>
    <controlfield tag="001">1465</controlfield>
    <datafield tag="100" ind1=" " ind2=" ">
      <subfield code="a">Jakob, Friedrich August Leberecht</subfield>
    </datafield>
    <datafield tag="260" ind1=" " ind2=" ">
      <subfield code="a">Breslau </subfield>
      <subfield code="b">J. D. Grüson</subfield>
      <subfield code="c">1828</subfield>
    </datafield>
    <datafield tag="500" ind1=" " ind2=" ">
      <subfield code="a">Contains: </subfield>
    </datafield>
  </record>