
  <record>
    <leader>00000ncc a2200000 u 4500</leader>
    <controlfield tag="001">1466</controlfield>
    <datafield tag="100" ind1=" " ind2=" ">
      <subfield code="a">Anonymous [Heriot, Pierre Bernard Francois]</subfield>
    </datafield>
    <datafield tag="260" ind1=" " ind2=" ">
      <subfield code="a">Koblenz</subfield>
      <subfield code="b">B. Heriot</subfield>
      <subfield code="c">1828</subfield>
    </datafield>
    <datafield tag="500" ind1=" " ind2=" ">
      <subfield code="a">Contains: </subfield>
    </datafield>
  </record>