
  <record>
    <leader>00000ncc a2200000 u 4500</leader>
    <controlfield tag="001">1469</controlfield>
    <datafield tag="100" ind1=" " ind2=" ">
      <subfield code="a">Rodríguez de Ledesma, Mariano</subfield>
    </datafield>
    <datafield tag="260" ind1=" " ind2=" ">
      <subfield code="a">Paris</subfield>
      <subfield code="b">Launer - Richault - Schlesinger</subfield>
      <subfield code="c">1828</subfield>
    </datafield>
    <datafield tag="500" ind1=" " ind2=" ">
      <subfield code="a">Contains: c. 1828; French edition: Collection de quarante exercices ou études progressifs de vocalisation, Paris, Launer, c. 1827</subfield>
    </datafield>
  </record>