
  <record>
    <leader>00000ncc a2200000 u 4500</leader>
    <controlfield tag="001">1474</controlfield>
    <datafield tag="100" ind1=" " ind2=" ">
      <subfield code="a">Garcia, Manuel</subfield>
    </datafield>
    <datafield tag="260" ind1=" " ind2=" ">
      <subfield code="a">Paris</subfield>
      <subfield code="b">Ph. Petit</subfield>
      <subfield code="c">1830</subfield>
    </datafield>
    <datafield tag="500" ind1=" " ind2=" ">
      <subfield code="a">Contains: c. 1830</subfield>
    </datafield>
  </record>