
  <record>
    <leader>00000ncc a2200000 u 4500</leader>
    <controlfield tag="001">1476</controlfield>
    <datafield tag="100" ind1=" " ind2=" ">
      <subfield code="a">Häser, August Ferdinand</subfield>
    </datafield>
    <datafield tag="260" ind1=" " ind2=" ">
      <subfield code="a">Mainz / Mayence, Paris, Anvers</subfield>
      <subfield code="b">B. Schott's Söhne</subfield>
      <subfield code="c">1831</subfield>
    </datafield>
    <datafield tag="500" ind1=" " ind2=" ">
      <subfield code="a">Contains: 2 vol.; in German and French</subfield>
    </datafield>
  </record>