
  <record>
    <leader>00000ncc a2200000 u 4500</leader>
    <controlfield tag="001">1477</controlfield>
    <datafield tag="100" ind1=" " ind2=" ">
      <subfield code="a">Mainzer, Abbé Joseph</subfield>
    </datafield>
    <datafield tag="260" ind1=" " ind2=" ">
      <subfield code="a">Trier </subfield>
      <subfield code="b">J. [Jakob] Mainzer</subfield>
      <subfield code="c">1831</subfield>
    </datafield>
    <datafield tag="500" ind1=" " ind2=" ">
      <subfield code="a">Contains: </subfield>
    </datafield>
  </record>