
  <record>
    <leader>00000ncc a2200000 u 4500</leader>
    <controlfield tag="001">1478</controlfield>
    <datafield tag="100" ind1=" " ind2=" ">
      <subfield code="a">Nathan, Isaac</subfield>
    </datafield>
    <datafield tag="260" ind1=" " ind2=" ">
      <subfield code="a">London</subfield>
      <subfield code="b">G. and W. B. Whitaker</subfield>
      <subfield code="c">1832</subfield>
    </datafield>
    <datafield tag="500" ind1=" " ind2=" ">
      <subfield code="a">Contains: "2nd edition, enlarged and considerably improved". London, J. Duff and Co., 1832; revised edition: Musurgia vocalis; an Essay on the History and Theory of Music, London, Fentum, 1836 </subfield>
    </datafield>
  </record>