
  <record>
    <leader>00000ncc a2200000 u 4500</leader>
    <controlfield tag="001">1479</controlfield>
    <datafield tag="100" ind1=" " ind2=" ">
      <subfield code="a">Bennati, François</subfield>
    </datafield>
    <datafield tag="260" ind1=" " ind2=" ">
      <subfield code="a">Paris</subfield>
      <subfield code="b">J.-B. Ballière</subfield>
      <subfield code="c">1832</subfield>
    </datafield>
    <datafield tag="500" ind1=" " ind2=" ">
      <subfield code="a">Contains: p. 17: Du mécanisme de la voix humaine pendant le chant</subfield>
    </datafield>
  </record>