
  <record>
    <leader>00000ncc a2200000 u 4500</leader>
    <controlfield tag="001">1480</controlfield>
    <datafield tag="100" ind1=" " ind2=" ">
      <subfield code="a">Reicha, Anton / Czerny, Carl </subfield>
    </datafield>
    <datafield tag="260" ind1=" " ind2=" ">
      <subfield code="a">Wien </subfield>
      <subfield code="b">A. Diabelli et Comp.</subfield>
      <subfield code="c">1832</subfield>
    </datafield>
    <datafield tag="500" ind1=" " ind2=" ">
      <subfield code="a">Contains: 4 vol.</subfield>
    </datafield>
  </record>