
  <record>
    <leader>00000ncc a2200000 u 4500</leader>
    <controlfield tag="001">1482</controlfield>
    <datafield tag="100" ind1=" " ind2=" ">
      <subfield code="a">Nauenburg, Gustav</subfield>
    </datafield>
    <datafield tag="260" ind1=" " ind2=" ">
      <subfield code="a">Leipzig</subfield>
      <subfield code="c">1833</subfield>
    </datafield>
    <datafield tag="500" ind1=" " ind2=" ">
      <subfield code="a">Contains: in:  Allgemeine Musikalische Zeitung 35, 1833 (col. 437); furthermore AmZ 36, 1834 (col. 357) </subfield>
    </datafield>
  </record>