
  <record>
    <leader>00000ncc a2200000 u 4500</leader>
    <controlfield tag="001">1483</controlfield>
    <datafield tag="100" ind1=" " ind2=" ">
      <subfield code="a">Vaccai, Nicola</subfield>
    </datafield>
    <datafield tag="260" ind1=" " ind2=" ">
      <subfield code="a">London</subfield>
      <subfield code="b">s. n. [Boosey &amp; Co.]</subfield>
      <subfield code="c">1833</subfield>
    </datafield>
    <datafield tag="500" ind1=" " ind2=" ">
      <subfield code="a">Contains: s.l., c. 1833;  further editions: Firenze, Ferdinando Lorenzi, c. 1835; Milano 1835; Napoli 1837; link: various later editions</subfield>
    </datafield>
  </record>