
  <record>
    <leader>00000ncc a2200000 u 4500</leader>
    <controlfield tag="001">1485</controlfield>
    <datafield tag="100" ind1=" " ind2=" ">
      <subfield code="a">Baker, Benjamin Franklin; Southard, Lucien </subfield>
    </datafield>
    <datafield tag="260" ind1=" " ind2=" ">
      <subfield code="a">New York</subfield>
      <subfield code="c">1833</subfield>
    </datafield>
    <datafield tag="500" ind1=" " ind2=" ">
      <subfield code="a">Contains: </subfield>
    </datafield>
  </record>