
  <record>
    <leader>00000ncc a2200000 u 4500</leader>
    <controlfield tag="001">1489</controlfield>
    <datafield tag="100" ind1=" " ind2=" ">
      <subfield code="a">Nägeli, Hans Georg</subfield>
    </datafield>
    <datafield tag="260" ind1=" " ind2=" ">
      <subfield code="a">Zürich</subfield>
      <subfield code="c">1834</subfield>
    </datafield>
    <datafield tag="500" ind1=" " ind2=" ">
      <subfield code="a">Contains: c. 1834; critical edition by Arnold Geering, Zürich / Freiburg i .Br., 1978 (Schriftenreihe der Stiftung von Schnyder von Wartensee 53)</subfield>
    </datafield>
  </record>