
  <record>
    <leader>00000ncc a2200000 u 4500</leader>
    <controlfield tag="001">1490</controlfield>
    <datafield tag="100" ind1=" " ind2=" ">
      <subfield code="a">Mannstein, Heinrich Ferdinand</subfield>
    </datafield>
    <datafield tag="260" ind1=" " ind2=" ">
      <subfield code="a">Dresden, Leipzig</subfield>
      <subfield code="b">Arnold</subfield>
      <subfield code="c">1834</subfield>
    </datafield>
    <datafield tag="500" ind1=" " ind2=" ">
      <subfield code="a">Contains: in German and French; revised edition in 1848</subfield>
    </datafield>
  </record>