
  <record>
    <leader>00000ncc a2200000 u 4500</leader>
    <controlfield tag="001">1491</controlfield>
    <datafield tag="100" ind1=" " ind2=" ">
      <subfield code="a">Picchianti, Luigi</subfield>
    </datafield>
    <datafield tag="260" ind1=" " ind2=" ">
      <subfield code="a">Firenze</subfield>
      <subfield code="b">Tipografia della Speranza</subfield>
      <subfield code="c">1834</subfield>
    </datafield>
    <datafield tag="500" ind1=" " ind2=" ">
      <subfield code="a">Contains: further edition: 1836, Milano, G. Ricordi</subfield>
    </datafield>
  </record>