
  <record>
    <leader>00000ncc a2200000 u 4500</leader>
    <controlfield tag="001">1492</controlfield>
    <datafield tag="100" ind1=" " ind2=" ">
      <subfield code="a">Cherubini, Luigi</subfield>
    </datafield>
    <datafield tag="260" ind1=" " ind2=" ">
      <subfield code="a">Berlin</subfield>
      <subfield code="b">M. Schlesinger </subfield>
      <subfield code="c">1835</subfield>
    </datafield>
    <datafield tag="500" ind1=" " ind2=" ">
      <subfield code="a">Contains: c. 1835</subfield>
    </datafield>
  </record>