
  <record>
    <leader>00000ncc a2200000 u 4500</leader>
    <controlfield tag="001">1493</controlfield>
    <datafield tag="100" ind1=" " ind2=" ">
      <subfield code="a">Waldhoer, Matthias</subfield>
    </datafield>
    <datafield tag="260" ind1=" " ind2=" ">
      <subfield code="a">Kempten</subfield>
      <subfield code="b">J. Koesel</subfield>
      <subfield code="c">1835</subfield>
    </datafield>
    <datafield tag="500" ind1=" " ind2=" ">
      <subfield code="a">Contains: c. 1835</subfield>
    </datafield>
  </record>