
  <record>
    <leader>00000ncc a2200000 u 4500</leader>
    <controlfield tag="001">1494</controlfield>
    <datafield tag="100" ind1=" " ind2=" ">
      <subfield code="a">Mannstein, Heinrich Ferdinand</subfield>
    </datafield>
    <datafield tag="260" ind1=" " ind2=" ">
      <subfield code="a">Leipzig, Dresden </subfield>
      <subfield code="b">Arnold</subfield>
      <subfield code="c">1835</subfield>
    </datafield>
    <datafield tag="500" ind1=" " ind2=" ">
      <subfield code="a">Contains: </subfield>
    </datafield>
  </record>