
  <record>
    <leader>00000ncc a2200000 u 4500</leader>
    <controlfield tag="001">1496</controlfield>
    <datafield tag="100" ind1=" " ind2=" ">
      <subfield code="a">Gérard, Henri Philippe</subfield>
    </datafield>
    <datafield tag="260" ind1=" " ind2=" ">
      <subfield code="a">Paris</subfield>
      <subfield code="b">Pleyel</subfield>
      <subfield code="c">1835</subfield>
    </datafield>
    <datafield tag="500" ind1=" " ind2=" ">
      <subfield code="a">Contains: c. 1835 (deuxième partie)</subfield>
    </datafield>
  </record>