
  <record>
    <leader>00000ncc a2200000 u 4500</leader>
    <controlfield tag="001">1504</controlfield>
    <datafield tag="100" ind1=" " ind2=" ">
      <subfield code="a">Schilling, Gustav</subfield>
    </datafield>
    <datafield tag="260" ind1=" " ind2=" ">
      <subfield code="a">Stuttgart</subfield>
      <subfield code="b">F. H. Köhler</subfield>
      <subfield code="c">1836</subfield>
    </datafield>
    <datafield tag="500" ind1=" " ind2=" ">
      <subfield code="a">Contains: Six vol. plus supplement; link: second edition 1840</subfield>
    </datafield>
  </record>