
  <record>
    <leader>00000ncc a2200000 u 4500</leader>
    <controlfield tag="001">1506</controlfield>
    <datafield tag="100" ind1=" " ind2=" ">
      <subfield code="a">Fétis, François Joseph</subfield>
    </datafield>
    <datafield tag="260" ind1=" " ind2=" ">
      <subfield code="a">Paris</subfield>
      <subfield code="b">M. Schlesinger</subfield>
      <subfield code="c">1837</subfield>
    </datafield>
    <datafield tag="500" ind1=" " ind2=" ">
      <subfield code="a">Contains: c. 1837</subfield>
    </datafield>
  </record>