
  <record>
    <leader>00000ncc a2200000 u 4500</leader>
    <controlfield tag="001">1507</controlfield>
    <datafield tag="100" ind1=" " ind2=" ">
      <subfield code="a">Mancini, Giambattista</subfield>
    </datafield>
    <datafield tag="260" ind1=" " ind2=" ">
      <subfield code="a">Amsterdam</subfield>
      <subfield code="b">Gebroeders Diederichs</subfield>
      <subfield code="c">1837</subfield>
    </datafield>
    <datafield tag="500" ind1=" " ind2=" ">
      <subfield code="a">Contains: translation of the 1777 Italian edition </subfield>
    </datafield>
  </record>