
  <record>
    <leader>00000ncc a2200000 u 4500</leader>
    <controlfield tag="001">1509</controlfield>
    <datafield tag="100" ind1=" " ind2=" ">
      <subfield code="a">Wollersheim, Theodor</subfield>
    </datafield>
    <datafield tag="260" ind1=" " ind2=" ">
      <subfield code="a">Elberfeld</subfield>
      <subfield code="b">S. Lucas</subfield>
      <subfield code="c">1838</subfield>
    </datafield>
    <datafield tag="500" ind1=" " ind2=" ">
      <subfield code="a">Contains: later editions: 1858, 1865</subfield>
    </datafield>
  </record>