
  <record>
    <leader>00000ncc a2200000 u 4500</leader>
    <controlfield tag="001">1510</controlfield>
    <datafield tag="100" ind1=" " ind2=" ">
      <subfield code="a">Kamm, Johann M.</subfield>
    </datafield>
    <datafield tag="260" ind1=" " ind2=" ">
      <subfield code="a">Erlangen </subfield>
      <subfield code="b">Kunstmann</subfield>
      <subfield code="c">1838</subfield>
    </datafield>
    <datafield tag="500" ind1=" " ind2=" ">
      <subfield code="a">Contains: </subfield>
    </datafield>
  </record>