
  <record>
    <leader>00000ncc a2200000 u 4500</leader>
    <controlfield tag="001">1511</controlfield>
    <datafield tag="100" ind1=" " ind2=" ">
      <subfield code="a">Andrade, Jean Auguste / Gathy, August</subfield>
    </datafield>
    <datafield tag="260" ind1=" " ind2=" ">
      <subfield code="a">Hamburg</subfield>
      <subfield code="b">A. Cranz</subfield>
      <subfield code="c">1838</subfield>
    </datafield>
    <datafield tag="500" ind1=" " ind2=" ">
      <subfield code="a">Contains: c. 1838</subfield>
    </datafield>
  </record>