
  <record>
    <leader>00000ncc a2200000 u 4500</leader>
    <controlfield tag="001">1513</controlfield>
    <datafield tag="100" ind1=" " ind2=" ">
      <subfield code="a">Ferrari, Giacomo Gotifredo</subfield>
    </datafield>
    <datafield tag="260" ind1=" " ind2=" ">
      <subfield code="a">New York</subfield>
      <subfield code="b">E. Riley &amp; Co.</subfield>
      <subfield code="c">1838</subfield>
    </datafield>
    <datafield tag="500" ind1=" " ind2=" ">
      <subfield code="a">Contains: c. 1838</subfield>
    </datafield>
  </record>