
  <record>
    <leader>00000ncc a2200000 u 4500</leader>
    <controlfield tag="001">1514</controlfield>
    <datafield tag="100" ind1=" " ind2=" ">
      <subfield code="a">Mason, Lowell</subfield>
    </datafield>
    <datafield tag="260" ind1=" " ind2=" ">
      <subfield code="a">Boston</subfield>
      <subfield code="b">J. H. Wilkins &amp; R. B. Carter</subfield>
      <subfield code="c">1839</subfield>
    </datafield>
    <datafield tag="500" ind1=" " ind2=" ">
      <subfield code="a">Contains: fifth edition</subfield>
    </datafield>
  </record>