
  <record>
    <leader>00000ncc a2200000 u 4500</leader>
    <controlfield tag="001">1516</controlfield>
    <datafield tag="100" ind1=" " ind2=" ">
      <subfield code="a">Mannstein, Heinrich Ferdinand</subfield>
    </datafield>
    <datafield tag="260" ind1=" " ind2=" ">
      <subfield code="a">Leipzig</subfield>
      <subfield code="b">Teubner</subfield>
      <subfield code="c">1839</subfield>
    </datafield>
    <datafield tag="500" ind1=" " ind2=" ">
      <subfield code="a">Contains: link: second edition 1845</subfield>
    </datafield>
  </record>