
  <record>
    <leader>00000ncc a2200000 u 4500</leader>
    <controlfield tag="001">1517</controlfield>
    <datafield tag="100" ind1=" " ind2=" ">
      <subfield code="a">Sconcia, John A.</subfield>
    </datafield>
    <datafield tag="260" ind1=" " ind2=" ">
      <subfield code="a">New York </subfield>
      <subfield code="c">1839</subfield>
    </datafield>
    <datafield tag="500" ind1=" " ind2=" ">
      <subfield code="a">Contains: </subfield>
    </datafield>
  </record>