
  <record>
    <leader>00000ncc a2200000 u 4500</leader>
    <controlfield tag="001">1518</controlfield>
    <datafield tag="100" ind1=" " ind2=" ">
      <subfield code="a">Fétis, François Joseph</subfield>
    </datafield>
    <datafield tag="260" ind1=" " ind2=" ">
      <subfield code="a">Paris</subfield>
      <subfield code="b">M. Schlesinger</subfield>
      <subfield code="c">1839</subfield>
    </datafield>
    <datafield tag="500" ind1=" " ind2=" ">
      <subfield code="a">Contains: later editions 1869, 1870, 1874; link: edition c. 1870 (Mayence/Mainz, Schott)</subfield>
    </datafield>
  </record>