
  <record>
    <leader>00000ncc a2200000 u 4500</leader>
    <controlfield tag="001">1521</controlfield>
    <datafield tag="100" ind1=" " ind2=" ">
      <subfield code="a">Fabio, Ermagora</subfield>
    </datafield>
    <datafield tag="260" ind1=" " ind2=" ">
      <subfield code="a">Venezia </subfield>
      <subfield code="b">s. n.</subfield>
      <subfield code="c">1839</subfield>
    </datafield>
    <datafield tag="500" ind1=" " ind2=" ">
      <subfield code="a">Contains: extended version from 1838 edition (Milano, F. Lucca)</subfield>
    </datafield>
  </record>