
  <record>
    <leader>00000ncc a2200000 u 4500</leader>
    <controlfield tag="001">1523</controlfield>
    <datafield tag="100" ind1=" " ind2=" ">
      <subfield code="a">Crivelli, Domenico</subfield>
    </datafield>
    <datafield tag="260" ind1=" " ind2=" ">
      <subfield code="a">London</subfield>
      <subfield code="b">s. n.</subfield>
      <subfield code="c">1840</subfield>
    </datafield>
    <datafield tag="500" ind1=" " ind2=" ">
      <subfield code="a">Contains: c. 1840; in Italian and English</subfield>
    </datafield>
  </record>