
  <record>
    <leader>00000ncc a2200000 u 4500</leader>
    <controlfield tag="001">1525</controlfield>
    <datafield tag="100" ind1=" " ind2=" ">
      <subfield code="a">Lablache, Luigi</subfield>
    </datafield>
    <datafield tag="260" ind1=" " ind2=" ">
      <subfield code="a">Mainz / Mayence</subfield>
      <subfield code="b">Les fils de B. Schott</subfield>
      <subfield code="c">1840</subfield>
    </datafield>
    <datafield tag="500" ind1=" " ind2=" ">
      <subfield code="a">Contains: c. 1840; second edition 1851 </subfield>
    </datafield>
  </record>