
  <record>
    <leader>00000ncc a2200000 u 4500</leader>
    <controlfield tag="001">1528</controlfield>
    <datafield tag="100" ind1=" " ind2=" ">
      <subfield code="a">Garcia, Manuel (fils)</subfield>
    </datafield>
    <datafield tag="260" ind1=" " ind2=" ">
      <subfield code="a">Bruxelles </subfield>
      <subfield code="b">Société encyclographique des sciènces médicales</subfield>
      <subfield code="c">1840</subfield>
    </datafield>
    <datafield tag="500" ind1=" " ind2=" ">
      <subfield code="a">Contains: in: Encyclographie des sciences médicales, Quatrième série, tome quatrième, p. 390f</subfield>
    </datafield>
  </record>