
  <record>
    <leader>00000ncc a2200000 u 4500</leader>
    <controlfield tag="001">1530</controlfield>
    <datafield tag="100" ind1=" " ind2=" ">
      <subfield code="a">Garcia, Manuel (fils)</subfield>
    </datafield>
    <datafield tag="260" ind1=" " ind2=" ">
      <subfield code="a">Paris</subfield>
      <subfield code="b">The Author</subfield>
      <subfield code="c">1840</subfield>
    </datafield>
    <datafield tag="500" ind1=" " ind2=" ">
      <subfield code="a">Contains: 2 vol.; further editions: 1847, 1851, 1856, 1863, 1872, 1878, 1893, 1901; link: second edition (2 vol. in 1) 1847</subfield>
    </datafield>
  </record>