
  <record>
    <leader>00000ncc a2200000 u 4500</leader>
    <controlfield tag="001">1531</controlfield>
    <datafield tag="100" ind1=" " ind2=" ">
      <subfield code="a">Diday, M. / Pétrequin, M.</subfield>
    </datafield>
    <datafield tag="260" ind1=" " ind2=" ">
      <subfield code="a">Paris</subfield>
      <subfield code="b">F. Malteste et C.</subfield>
      <subfield code="c">1840</subfield>
    </datafield>
    <datafield tag="500" ind1=" " ind2=" ">
      <subfield code="a">Contains:  in: Gazette médicale de Paris 8, Paris, 1840, n. 20, (p. 305–314); published also separately </subfield>
    </datafield>
  </record>