
  <record>
    <leader>00000ncc a2200000 u 4500</leader>
    <controlfield tag="001">1533</controlfield>
    <datafield tag="100" ind1=" " ind2=" ">
      <subfield code="a">Panseron, Auguste Mathieu</subfield>
    </datafield>
    <datafield tag="260" ind1=" " ind2=" ">
      <subfield code="a">Paris, Bruxelles </subfield>
      <subfield code="b">The Author / P. Nacher</subfield>
      <subfield code="c">1840</subfield>
    </datafield>
    <datafield tag="500" ind1=" " ind2=" ">
      <subfield code="a">Contains: c. 1840; second edition (dt./fr.)  Köln - Paris., Eck &amp; Comp., c. 1845</subfield>
    </datafield>
  </record>