
  <record>
    <leader>00000ncc a2200000 u 4500</leader>
    <controlfield tag="001">1536</controlfield>
    <datafield tag="100" ind1=" " ind2=" ">
      <subfield code="a">Nehrlich, Christian Gottfried</subfield>
    </datafield>
    <datafield tag="260" ind1=" " ind2=" ">
      <subfield code="a">Leipzig </subfield>
      <subfield code="b">B. G. Teubner</subfield>
      <subfield code="c">1841</subfield>
    </datafield>
    <datafield tag="500" ind1=" " ind2=" ">
      <subfield code="a">Contains: revised edition: Die Gesangskunst physiologisch, psychologisch, ästhetisch und pädagogisch dargestellt, Leipzig, B. G. Teubner, 1853, 1860; link: edition 1853</subfield>
    </datafield>
  </record>