
  <record>
    <leader>00000ncc a2200000 u 4500</leader>
    <controlfield tag="001">1538</controlfield>
    <datafield tag="100" ind1=" " ind2=" ">
      <subfield code="a">Hullah, John P.</subfield>
    </datafield>
    <datafield tag="260" ind1=" " ind2=" ">
      <subfield code="a">London</subfield>
      <subfield code="b">J. W. Parker</subfield>
      <subfield code="c">1841</subfield>
    </datafield>
    <datafield tag="500" ind1=" " ind2=" ">
      <subfield code="a">Contains: link: revised edition 1854</subfield>
    </datafield>
  </record>