
  <record>
    <leader>00000ncc a2200000 u 4500</leader>
    <controlfield tag="001">1540</controlfield>
    <datafield tag="100" ind1=" " ind2=" ">
      <subfield code="a">Garcia, Manuel fils / Mazzucato, Alberto (translator)</subfield>
    </datafield>
    <datafield tag="260" ind1=" " ind2=" ">
      <subfield code="a">Milano</subfield>
      <subfield code="b">G. Ricordi</subfield>
      <subfield code="c">1841</subfield>
    </datafield>
    <datafield tag="500" ind1=" " ind2=" ">
      <subfield code="a">Contains: part of: Scuola di Garcia. Trattato completo dell'arte del canto / di Emanuele Garcia figlio; tradotto dal francese [...] da Alberto Mazzucato</subfield>
    </datafield>
  </record>