
  <record>
    <leader>00000ncc a2200000 u 4500</leader>
    <controlfield tag="001">1541</controlfield>
    <datafield tag="100" ind1=" " ind2=" ">
      <subfield code="a">Le Roux de Lincy, Antoine </subfield>
    </datafield>
    <datafield tag="260" ind1=" " ind2=" ">
      <subfield code="a">Paris</subfield>
      <subfield code="b">Ch. Gosselin</subfield>
      <subfield code="c">1841</subfield>
    </datafield>
    <datafield tag="500" ind1=" " ind2=" ">
      <subfield code="a">Contains: 2 vol.; c. 1841</subfield>
    </datafield>
  </record>