
  <record>
    <leader>00000ncc a2200000 u 4500</leader>
    <controlfield tag="001">1542</controlfield>
    <datafield tag="100" ind1=" " ind2=" ">
      <subfield code="a">Anonymus ("L.G.R.")</subfield>
    </datafield>
    <datafield tag="260" ind1=" " ind2=" ">
      <subfield code="a">Mainz</subfield>
      <subfield code="b">B. Schott's Söhne</subfield>
      <subfield code="c">1842</subfield>
    </datafield>
    <datafield tag="500" ind1=" " ind2=" ">
      <subfield code="a">Contains: in: Cecilia. Eine Zeitschrift für die musikalische Welt, vol. 21,  Mainz , 1842, p. 5–15</subfield>
    </datafield>
  </record>