
  <record>
    <leader>00000ncc a2200000 u 4500</leader>
    <controlfield tag="001">1544</controlfield>
    <datafield tag="100" ind1=" " ind2=" ">
      <subfield code="a">Hohmann, Christian Heinrich</subfield>
    </datafield>
    <datafield tag="260" ind1=" " ind2=" ">
      <subfield code="a">Nürnberg</subfield>
      <subfield code="b">Riegel und Wießner</subfield>
      <subfield code="c">1842</subfield>
    </datafield>
    <datafield tag="500" ind1=" " ind2=" ">
      <subfield code="a">Contains: 3 vol.; "Vierte, verbesserte Auflage"; seventh edition: Nürnberg, W. Schmid, 1867</subfield>
    </datafield>
  </record>