
  <record>
    <leader>00000ncc a2200000 u 4500</leader>
    <controlfield tag="001">1546</controlfield>
    <datafield tag="100" ind1=" " ind2=" ">
      <subfield code="a">Bennett, James</subfield>
    </datafield>
    <datafield tag="260" ind1=" " ind2=" ">
      <subfield code="a">London</subfield>
      <subfield code="c">1843</subfield>
    </datafield>
    <datafield tag="500" ind1=" " ind2=" ">
      <subfield code="a">Contains: 2 vol., second edition: London, Addison and Hodson, 1845</subfield>
    </datafield>
  </record>