
  <record>
    <leader>00000ncc a2200000 u 4500</leader>
    <controlfield tag="001">1550</controlfield>
    <datafield tag="100" ind1=" " ind2=" ">
      <subfield code="a">Trajetta, Phil [Traetta, Filippo]</subfield>
    </datafield>
    <datafield tag="260" ind1=" " ind2=" ">
      <subfield code="a">Philadelphia</subfield>
      <subfield code="b">King &amp; Baird</subfield>
      <subfield code="c">1843</subfield>
    </datafield>
    <datafield tag="500" ind1=" " ind2=" ">
      <subfield code="a">Contains: c. 1841–1843</subfield>
    </datafield>
  </record>