
  <record>
    <leader>00000ncc a2200000 u 4500</leader>
    <controlfield tag="001">1551</controlfield>
    <datafield tag="100" ind1=" " ind2=" ">
      <subfield code="a">Alfieri, Pietro</subfield>
    </datafield>
    <datafield tag="260" ind1=" " ind2=" ">
      <subfield code="a">Roma </subfield>
      <subfield code="b">Tipografia Delle Belle Arti</subfield>
      <subfield code="c">1843</subfield>
    </datafield>
    <datafield tag="500" ind1=" " ind2=" ">
      <subfield code="a">Contains: </subfield>
    </datafield>
  </record>