
  <record>
    <leader>00000ncc a2200000 u 4500</leader>
    <controlfield tag="001">1552</controlfield>
    <datafield tag="100" ind1=" " ind2=" ">
      <subfield code="a">Nehrlich, Christian Gottfried</subfield>
    </datafield>
    <datafield tag="260" ind1=" " ind2=" ">
      <subfield code="a">Berlin</subfield>
      <subfield code="b">Gesangskonservatorium</subfield>
      <subfield code="c">1844</subfield>
    </datafield>
    <datafield tag="500" ind1=" " ind2=" ">
      <subfield code="a">Contains: later editions: Stuttgart 1859; Leipzig 1860</subfield>
    </datafield>
  </record>