
  <record>
    <leader>00000ncc a2200000 u 4500</leader>
    <controlfield tag="001">1556</controlfield>
    <datafield tag="100" ind1=" " ind2=" ">
      <subfield code="a">Busti, Alessandro</subfield>
    </datafield>
    <datafield tag="260" ind1=" " ind2=" ">
      <subfield code="a">Napoli  </subfield>
      <subfield code="c">1844</subfield>
    </datafield>
    <datafield tag="500" ind1=" " ind2=" ">
      <subfield code="a">Contains: I-Mc, Noseda D.45.13</subfield>
    </datafield>
  </record>