
  <record>
    <leader>00000ncc a2200000 u 4500</leader>
    <controlfield tag="001">1557</controlfield>
    <datafield tag="100" ind1=" " ind2=" ">
      <subfield code="a">Cecchini Pacchierotti, Giuseppe</subfield>
    </datafield>
    <datafield tag="260" ind1=" " ind2=" ">
      <subfield code="a">Padova </subfield>
      <subfield code="b">Tipografia del Seminario</subfield>
      <subfield code="c">1844</subfield>
    </datafield>
    <datafield tag="500" ind1=" " ind2=" ">
      <subfield code="a">Contains: </subfield>
    </datafield>
  </record>