
  <record>
    <leader>00000ncc a2200000 u 4500</leader>
    <controlfield tag="001">1558</controlfield>
    <datafield tag="100" ind1=" " ind2=" ">
      <subfield code="a">Chevé, Emile</subfield>
    </datafield>
    <datafield tag="260" ind1=" " ind2=" ">
      <subfield code="a">Paris</subfield>
      <subfield code="b">The Author</subfield>
      <subfield code="c">1844</subfield>
    </datafield>
    <datafield tag="500" ind1=" " ind2=" ">
      <subfield code="a">Contains: later editions: 1850, 1851, 1852, 1860, 1864;  link: revised edition 1852</subfield>
    </datafield>
  </record>