
  <record>
    <leader>00000ncc a2200000 u 4500</leader>
    <controlfield tag="001">1559</controlfield>
    <datafield tag="100" ind1=" " ind2=" ">
      <subfield code="a">Miloche, Franz</subfield>
    </datafield>
    <datafield tag="260" ind1=" " ind2=" ">
      <subfield code="a">Passau </subfield>
      <subfield code="b">A. Ambrosi</subfield>
      <subfield code="c">1844</subfield>
    </datafield>
    <datafield tag="500" ind1=" " ind2=" ">
      <subfield code="a">Contains: </subfield>
    </datafield>
  </record>