
  <record>
    <leader>00000ncc a2200000 u 4500</leader>
    <controlfield tag="001">1560</controlfield>
    <datafield tag="100" ind1=" " ind2=" ">
      <subfield code="a">Wiss, Heinrich Benedict</subfield>
    </datafield>
    <datafield tag="260" ind1=" " ind2=" ">
      <subfield code="a">Speyer </subfield>
      <subfield code="b">Lang</subfield>
      <subfield code="c">1844</subfield>
    </datafield>
    <datafield tag="500" ind1=" " ind2=" ">
      <subfield code="a">Contains: c. 1844</subfield>
    </datafield>
  </record>