
  <record>
    <leader>00000ncc a2200000 u 4500</leader>
    <controlfield tag="001">1562</controlfield>
    <datafield tag="100" ind1=" " ind2=" ">
      <subfield code="a">Barnett, John</subfield>
    </datafield>
    <datafield tag="260" ind1=" " ind2=" ">
      <subfield code="a">London</subfield>
      <subfield code="b">Addison and Hodson</subfield>
      <subfield code="c">1845</subfield>
    </datafield>
    <datafield tag="500" ind1=" " ind2=" ">
      <subfield code="a">Contains: c. 1845</subfield>
    </datafield>
  </record>