
  <record>
    <leader>00000ncc a2200000 u 4500</leader>
    <controlfield tag="001">1563</controlfield>
    <datafield tag="100" ind1=" " ind2=" ">
      <subfield code="a">Concone, Giuseppe</subfield>
    </datafield>
    <datafield tag="260" ind1=" " ind2=" ">
      <subfield code="a">Mainz / Mayence</subfield>
      <subfield code="b">B. Schott</subfield>
      <subfield code="c">1845</subfield>
    </datafield>
    <datafield tag="500" ind1=" " ind2=" ">
      <subfield code="a">Contains: c. 1845; further editions: Paris, S. Richault, c. 1845; Lausanne, Hoffmann, c. 1845</subfield>
    </datafield>
  </record>