
  <record>
    <leader>00000ncc a2200000 u 4500</leader>
    <controlfield tag="001">1565</controlfield>
    <datafield tag="100" ind1=" " ind2=" ">
      <subfield code="a">Concone, Giuseppe</subfield>
    </datafield>
    <datafield tag="260" ind1=" " ind2=" ">
      <subfield code="a">Torino</subfield>
      <subfield code="b">Giudici e Strada</subfield>
      <subfield code="c">1845</subfield>
    </datafield>
    <datafield tag="500" ind1=" " ind2=" ">
      <subfield code="a">Contains: c. 1845; further edition: Milano, Giudici e Strada, c. 1872</subfield>
    </datafield>
  </record>