
  <record>
    <leader>00000ncc a2200000 u 4500</leader>
    <controlfield tag="001">1568</controlfield>
    <datafield tag="100" ind1=" " ind2=" ">
      <subfield code="a">Winkler, Max Joseph</subfield>
    </datafield>
    <datafield tag="260" ind1=" " ind2=" ">
      <subfield code="a">Nördlingen</subfield>
      <subfield code="b">C. H. Beck</subfield>
      <subfield code="c">1845</subfield>
    </datafield>
    <datafield tag="500" ind1=" " ind2=" ">
      <subfield code="a">Contains: later edition: 1849; apparently earlier version: Eichstädt 1843</subfield>
    </datafield>
  </record>