
  <record>
    <leader>00000ncc a2200000 u 4500</leader>
    <controlfield tag="001">1569</controlfield>
    <datafield tag="100" ind1=" " ind2=" ">
      <subfield code="a">Molt, Théodore Frédéric</subfield>
    </datafield>
    <datafield tag="260" ind1=" " ind2=" ">
      <subfield code="a">Québec </subfield>
      <subfield code="b">S. Drapeau</subfield>
      <subfield code="c">1845</subfield>
    </datafield>
    <datafield tag="500" ind1=" " ind2=" ">
      <subfield code="a">Contains: </subfield>
    </datafield>
  </record>