
  <record>
    <leader>00000ncc a2200000 u 4500</leader>
    <controlfield tag="001">1572</controlfield>
    <datafield tag="100" ind1=" " ind2=" ">
      <subfield code="a">Duprez, Gilbert Louis</subfield>
    </datafield>
    <datafield tag="260" ind1=" " ind2=" ">
      <subfield code="a">Paris </subfield>
      <subfield code="b">Bureau Central de Musique</subfield>
      <subfield code="c">1846</subfield>
    </datafield>
    <datafield tag="500" ind1=" " ind2=" ">
      <subfield code="a">Contains: c. 1846; further edition: H. Heugel et Cie. c. 1846</subfield>
    </datafield>
  </record>