
  <record>
    <leader>00000ncc a2200000 u 4500</leader>
    <controlfield tag="001">1577</controlfield>
    <datafield tag="100" ind1=" " ind2=" ">
      <subfield code="a">Vaccai, Nicola</subfield>
    </datafield>
    <datafield tag="260" ind1=" " ind2=" ">
      <subfield code="a">Leipzig</subfield>
      <subfield code="b">C. F. Peters</subfield>
      <subfield code="c">1848</subfield>
    </datafield>
    <datafield tag="500" ind1=" " ind2=" ">
      <subfield code="a">Contains: c. 1848; several later editions, amongst others: Berlin, Bote &amp; Bock, 1853; Leipzig, Steingräber, 1880; link: edition 1853</subfield>
    </datafield>
  </record>