
  <record>
    <leader>00000ncc a2200000 u 4500</leader>
    <controlfield tag="001">1578</controlfield>
    <datafield tag="100" ind1=" " ind2=" ">
      <subfield code="a">Curtis, Henry Holbrook</subfield>
    </datafield>
    <datafield tag="260" ind1=" " ind2=" ">
      <subfield code="a">New York, London</subfield>
      <subfield code="b">D. Appleton</subfield>
      <subfield code="c">1848</subfield>
    </datafield>
    <datafield tag="500" ind1=" " ind2=" ">
      <subfield code="a">Contains: later editions: 1896, 1901, 1910, 1914, 1973; link: 1896 edition</subfield>
    </datafield>
  </record>