
  <record>
    <leader>00000ncc a2200000 u 4500</leader>
    <controlfield tag="001">1579</controlfield>
    <datafield tag="100" ind1=" " ind2=" ">
      <subfield code="a">Casella, Fabrizio</subfield>
    </datafield>
    <datafield tag="260" ind1=" " ind2=" ">
      <subfield code="a">Roma</subfield>
      <subfield code="b">C. Puccinelli</subfield>
      <subfield code="c">1848</subfield>
    </datafield>
    <datafield tag="500" ind1=" " ind2=" ">
      <subfield code="a">Contains: revised edition (Compendio dell'opera divisa in tre parti sulle teorie per l'arte del canto): Roma, Tipografia Tiberina, 1855</subfield>
    </datafield>
  </record>