
  <record>
    <leader>00000ncc a2200000 u 4500</leader>
    <controlfield tag="001">1583</controlfield>
    <datafield tag="100" ind1=" " ind2=" ">
      <subfield code="a">Busse, Friedrich</subfield>
    </datafield>
    <datafield tag="260" ind1=" " ind2=" ">
      <subfield code="a">Leipzig</subfield>
      <subfield code="b">Friedlein &amp; Hirsch</subfield>
      <subfield code="c">1850</subfield>
    </datafield>
    <datafield tag="500" ind1=" " ind2=" ">
      <subfield code="a">Contains: c. 1850 </subfield>
    </datafield>
  </record>