
  <record>
    <leader>00000ncc a2200000 u 4500</leader>
    <controlfield tag="001">1585</controlfield>
    <datafield tag="100" ind1=" " ind2=" ">
      <subfield code="a">Bona, Pasquale</subfield>
    </datafield>
    <datafield tag="260" ind1=" " ind2=" ">
      <subfield code="a">Milano</subfield>
      <subfield code="b">G. Canti</subfield>
      <subfield code="c">1850</subfield>
    </datafield>
    <datafield tag="500" ind1=" " ind2=" ">
      <subfield code="a">Contains: c. 1850; further editions: Milano, G. Ricordi c. 1870: Milano: F. Lucca,  1879 </subfield>
    </datafield>
  </record>