
  <record>
    <leader>00000ncc a2200000 u 4500</leader>
    <controlfield tag="001">1586</controlfield>
    <datafield tag="100" ind1=" " ind2=" ">
      <subfield code="a">Scudo, Paul</subfield>
    </datafield>
    <datafield tag="260" ind1=" " ind2=" ">
      <subfield code="a">Paris</subfield>
      <subfield code="b">V. Lecou</subfield>
      <subfield code="c">1850</subfield>
    </datafield>
    <datafield tag="500" ind1=" " ind2=" ">
      <subfield code="a">Contains: in: Scudo, Paul, Critique et litterature musicales, Paris, 1850 (p. 92–115); 2. ed. 1856, 1859 (p. 107–132) </subfield>
    </datafield>
  </record>