
  <record>
    <leader>00000ncc a2200000 u 4500</leader>
    <controlfield tag="001">1588</controlfield>
    <datafield tag="100" ind1=" " ind2=" ">
      <subfield code="a">Müller, Adolf</subfield>
    </datafield>
    <datafield tag="260" ind1=" " ind2=" ">
      <subfield code="a">Wien</subfield>
      <subfield code="b">T. Haslinger</subfield>
      <subfield code="c">1850</subfield>
    </datafield>
    <datafield tag="500" ind1=" " ind2=" ">
      <subfield code="a">Contains: c. 1850 </subfield>
    </datafield>
  </record>