
  <record>
    <leader>00000ncc a2200000 u 4500</leader>
    <controlfield tag="001">1589</controlfield>
    <datafield tag="100" ind1=" " ind2=" ">
      <subfield code="a">Duca, Giovanni</subfield>
    </datafield>
    <datafield tag="260" ind1=" " ind2=" ">
      <subfield code="a">Paris </subfield>
      <subfield code="b">Bonoldi Frères</subfield>
      <subfield code="c">1851</subfield>
    </datafield>
    <datafield tag="500" ind1=" " ind2=" ">
      <subfield code="a">Contains: </subfield>
    </datafield>
  </record>