
  <record>
    <leader>00000ncc a2200000 u 4500</leader>
    <controlfield tag="001">1590</controlfield>
    <datafield tag="100" ind1=" " ind2=" ">
      <subfield code="a">Delacour, J.</subfield>
    </datafield>
    <datafield tag="260" ind1=" " ind2=" ">
      <subfield code="a">Genève</subfield>
      <subfield code="b">L. Martinet</subfield>
      <subfield code="c">1852</subfield>
    </datafield>
    <datafield tag="500" ind1=" " ind2=" ">
      <subfield code="a">Contains: 2 vol.; second volume at: http://reader.digitale-sammlungen.de/resolve/display/bsb10527139.html</subfield>
    </datafield>
  </record>