
  <record>
    <leader>00000ncc a2200000 u 4500</leader>
    <controlfield tag="001">1591</controlfield>
    <datafield tag="100" ind1=" " ind2=" ">
      <subfield code="a">Sieber, Ferdinand</subfield>
    </datafield>
    <datafield tag="260" ind1=" " ind2=" ">
      <subfield code="a">Leipzig</subfield>
      <subfield code="b">B. Hinze</subfield>
      <subfield code="c">1852</subfield>
    </datafield>
    <datafield tag="500" ind1=" " ind2=" ">
      <subfield code="a">Contains: revised edition ("Zweite, vermehrte und verbesserte Ausgabe"): Leipzig, H. Matthes, 1865; link: revised edition</subfield>
    </datafield>
  </record>