
  <record>
    <leader>00000ncc a2200000 u 4500</leader>
    <controlfield tag="001">1593</controlfield>
    <datafield tag="100" ind1=" " ind2=" ">
      <subfield code="a">Plet, Luigi</subfield>
    </datafield>
    <datafield tag="260" ind1=" " ind2=" ">
      <subfield code="a">Venezia</subfield>
      <subfield code="b">Gaspari</subfield>
      <subfield code="c">1852</subfield>
    </datafield>
    <datafield tag="500" ind1=" " ind2=" ">
      <subfield code="a">Contains: </subfield>
    </datafield>
  </record>