
  <record>
    <leader>00000ncc a2200000 u 4500</leader>
    <controlfield tag="001">1595</controlfield>
    <datafield tag="100" ind1=" " ind2=" ">
      <subfield code="a">Wieck, Friedrich</subfield>
    </datafield>
    <datafield tag="260" ind1=" " ind2=" ">
      <subfield code="a">Leipzig</subfield>
      <subfield code="b">F. Whistling</subfield>
      <subfield code="c">1853</subfield>
    </datafield>
    <datafield tag="500" ind1=" " ind2=" ">
      <subfield code="a">Contains: later edition: 1878</subfield>
    </datafield>
  </record>