
  <record>
    <leader>00000ncc a2200000 u 4500</leader>
    <controlfield tag="001">1596</controlfield>
    <datafield tag="100" ind1=" " ind2=" ">
      <subfield code="a">Panofka, Enrico [Heinrich] / de' Guarinoni, Eugenio</subfield>
    </datafield>
    <datafield tag="260" ind1=" " ind2=" ">
      <subfield code="a">Milano</subfield>
      <subfield code="b">G. Ricordi</subfield>
      <subfield code="c">1853</subfield>
    </datafield>
    <datafield tag="500" ind1=" " ind2=" ">
      <subfield code="a">Contains: c. 1853 </subfield>
    </datafield>
  </record>