
  <record>
    <leader>00000ncc a2200000 u 4500</leader>
    <controlfield tag="001">1597</controlfield>
    <datafield tag="100" ind1=" " ind2=" ">
      <subfield code="a">Schmitt, Friedrich</subfield>
    </datafield>
    <datafield tag="260" ind1=" " ind2=" ">
      <subfield code="a">München </subfield>
      <subfield code="b">A. Wild</subfield>
      <subfield code="c">1853</subfield>
    </datafield>
    <datafield tag="500" ind1=" " ind2=" ">
      <subfield code="a">Contains: </subfield>
    </datafield>
  </record>