
  <record>
    <leader>00000ncc a2200000 u 4500</leader>
    <controlfield tag="001">1598</controlfield>
    <datafield tag="100" ind1=" " ind2=" ">
      <subfield code="a">Florimo, Francesco</subfield>
    </datafield>
    <datafield tag="260" ind1=" " ind2=" ">
      <subfield code="a">Napoli</subfield>
      <subfield code="b">Stabilimento Musicale Partenopeo, succ. di B. Girard e C.</subfield>
      <subfield code="c">1853</subfield>
    </datafield>
    <datafield tag="500" ind1=" " ind2=" ">
      <subfield code="a">Contains: c. 1853 </subfield>
    </datafield>
  </record>