
  <record>
    <leader>00000ncc a2200000 u 4500</leader>
    <controlfield tag="001">1599</controlfield>
    <datafield tag="100" ind1=" " ind2=" ">
      <subfield code="a">Woodbury, Isaac Baker</subfield>
    </datafield>
    <datafield tag="260" ind1=" " ind2=" ">
      <subfield code="a">New York </subfield>
      <subfield code="b">F. J. Huntington</subfield>
      <subfield code="c">1853</subfield>
    </datafield>
    <datafield tag="500" ind1=" " ind2=" ">
      <subfield code="a">Contains: </subfield>
    </datafield>
  </record>