
  <record>
    <leader>00000ncc a2200000 u 4500</leader>
    <controlfield tag="001">1600</controlfield>
    <datafield tag="100" ind1=" " ind2=" ">
      <subfield code="a">Vieth, Coelestin Leonhard</subfield>
    </datafield>
    <datafield tag="260" ind1=" " ind2=" ">
      <subfield code="a">Arnsberg </subfield>
      <subfield code="b">H. F. Grote</subfield>
      <subfield code="c">1854</subfield>
    </datafield>
    <datafield tag="500" ind1=" " ind2=" ">
      <subfield code="a">Contains: 3 vol.; "Zweite, verbesserte und sehr vermehrte Auflage"; link: first volume</subfield>
    </datafield>
  </record>