
  <record>
    <leader>00000ncc a2200000 u 4500</leader>
    <controlfield tag="001">1601</controlfield>
    <datafield tag="100" ind1=" " ind2=" ">
      <subfield code="a">Garcia, Manuel (fils)</subfield>
    </datafield>
    <datafield tag="260" ind1=" " ind2=" ">
      <subfield code="a">London</subfield>
      <subfield code="b">Royal Society of London</subfield>
      <subfield code="c">1854</subfield>
    </datafield>
    <datafield tag="500" ind1=" " ind2=" ">
      <subfield code="a">Contains: in: Proceedings of the Royal Society of London 7, 1855 (p. 399–410)</subfield>
    </datafield>
  </record>