
  <record>
    <leader>00000ncc a2200000 u 4500</leader>
    <controlfield tag="001">1603</controlfield>
    <datafield tag="100" ind1=" " ind2=" ">
      <subfield code="a">Chiaromonte, Francesco</subfield>
    </datafield>
    <datafield tag="260" ind1=" " ind2=" ">
      <subfield code="a">Paris</subfield>
      <subfield code="b">B. Schott</subfield>
      <subfield code="c">1854</subfield>
    </datafield>
    <datafield tag="500" ind1=" " ind2=" ">
      <subfield code="a">Contains: c. 1854; 2 vol.; later edition: 1865 ; Liège, Graffart,  1865 </subfield>
    </datafield>
  </record>