
  <record>
    <leader>00000ncc a2200000 u 4500</leader>
    <controlfield tag="001">1604</controlfield>
    <datafield tag="100" ind1=" " ind2=" ">
      <subfield code="a">Panofka, Henri [Heinrich]</subfield>
    </datafield>
    <datafield tag="260" ind1=" " ind2=" ">
      <subfield code="a">Paris, St. Petersburg</subfield>
      <subfield code="b">Brandus</subfield>
      <subfield code="c">1854</subfield>
    </datafield>
    <datafield tag="500" ind1=" " ind2=" ">
      <subfield code="a">Contains: later edition: c. 1870; link: 1870 c. edition</subfield>
    </datafield>
  </record>