
  <record>
    <leader>00000ncc a2200000 u 4500</leader>
    <controlfield tag="001">1605</controlfield>
    <datafield tag="100" ind1=" " ind2=" ">
      <subfield code="a">Eyrel [Eirel], F.</subfield>
    </datafield>
    <datafield tag="260" ind1=" " ind2=" ">
      <subfield code="a">Wien </subfield>
      <subfield code="b">Mechitaristen</subfield>
      <subfield code="c">1854</subfield>
    </datafield>
    <datafield tag="500" ind1=" " ind2=" ">
      <subfield code="a">Contains: </subfield>
    </datafield>
  </record>