
  <record>
    <leader>00000ncc a2200000 u 4500</leader>
    <controlfield tag="001">1608</controlfield>
    <datafield tag="100" ind1=" " ind2=" ">
      <subfield code="a">Baker, Benjamin Franklin</subfield>
    </datafield>
    <datafield tag="260" ind1=" " ind2=" ">
      <subfield code="a">Boston</subfield>
      <subfield code="b">Russell &amp; Richardson </subfield>
      <subfield code="c">1856</subfield>
    </datafield>
    <datafield tag="500" ind1=" " ind2=" ">
      <subfield code="a">Contains: c. 1856  </subfield>
    </datafield>
  </record>