
  <record>
    <leader>00000ncc a2200000 u 4500</leader>
    <controlfield tag="001">1609</controlfield>
    <datafield tag="100" ind1=" " ind2=" ">
      <subfield code="a">Merkel, Carl Ludwig</subfield>
    </datafield>
    <datafield tag="260" ind1=" " ind2=" ">
      <subfield code="a">Leipzig</subfield>
      <subfield code="b">A. Abel</subfield>
      <subfield code="c">1856</subfield>
    </datafield>
    <datafield tag="500" ind1=" " ind2=" ">
      <subfield code="a">Contains: revised edition 1863; link: edition 1863</subfield>
    </datafield>
  </record>