
  <record>
    <leader>00000ncc a2200000 u 4500</leader>
    <controlfield tag="001">1610</controlfield>
    <datafield tag="100" ind1=" " ind2=" ">
      <subfield code="a">Sieber, Ferdinand</subfield>
    </datafield>
    <datafield tag="260" ind1=" " ind2=" ">
      <subfield code="a">Magdeburg</subfield>
      <subfield code="b">Heinrichshofen</subfield>
      <subfield code="c">1856</subfield>
    </datafield>
    <datafield tag="500" ind1=" " ind2=" ">
      <subfield code="a">Contains: extended version of an 1856 edition ("Erste Lieferung")</subfield>
    </datafield>
  </record>