
  <record>
    <leader>00000ncc a2200000 u 4500</leader>
    <controlfield tag="001">1613</controlfield>
    <datafield tag="100" ind1=" " ind2=" ">
      <subfield code="a">Bassini, Carlo</subfield>
    </datafield>
    <datafield tag="260" ind1=" " ind2=" ">
      <subfield code="a">Boston </subfield>
      <subfield code="b">O. Ditson and Company</subfield>
      <subfield code="c">1857</subfield>
    </datafield>
    <datafield tag="500" ind1=" " ind2=" ">
      <subfield code="a">Contains: after 1857</subfield>
    </datafield>
  </record>