
  <record>
    <leader>00000ncc a2200000 u 4500</leader>
    <controlfield tag="001">1614</controlfield>
    <datafield tag="100" ind1=" " ind2=" ">
      <subfield code="a">Schwarz, Wilhelm</subfield>
    </datafield>
    <datafield tag="260" ind1=" " ind2=" ">
      <subfield code="a">Hannover</subfield>
      <subfield code="b">Helwing</subfield>
      <subfield code="c">1857</subfield>
    </datafield>
    <datafield tag="500" ind1=" " ind2=" ">
      <subfield code="a">Contains: second edition: 1859;  third edition: Berlin, Haude und Spener (F. Weidling), 1867; link: third edition</subfield>
    </datafield>
  </record>