
  <record>
    <leader>00000ncc a2200000 u 4500</leader>
    <controlfield tag="001">1617</controlfield>
    <datafield tag="100" ind1=" " ind2=" ">
      <subfield code="a">Balfe, Michael William</subfield>
    </datafield>
    <datafield tag="260" ind1=" " ind2=" ">
      <subfield code="a">London</subfield>
      <subfield code="b">Boosey &amp; sons</subfield>
      <subfield code="c">1857</subfield>
    </datafield>
    <datafield tag="500" ind1=" " ind2=" ">
      <subfield code="a">Contains: c. 1857 </subfield>
    </datafield>
  </record>