
  <record>
    <leader>00000ncc a2200000 u 4500</leader>
    <controlfield tag="001">1618</controlfield>
    <datafield tag="100" ind1=" " ind2=" ">
      <subfield code="a">Bertini, Domenico</subfield>
    </datafield>
    <datafield tag="260" ind1=" " ind2=" ">
      <subfield code="a">Lucca </subfield>
      <subfield code="b">Balatresi </subfield>
      <subfield code="c">1857</subfield>
    </datafield>
    <datafield tag="500" ind1=" " ind2=" ">
      <subfield code="a">Contains: further edition: Firenze, Oreste Morandi, 1857</subfield>
    </datafield>
  </record>