
  <record>
    <leader>00000ncc a2200000 u 4500</leader>
    <controlfield tag="001">1619</controlfield>
    <datafield tag="100" ind1=" " ind2=" ">
      <subfield code="a">Emmerling, Georg</subfield>
    </datafield>
    <datafield tag="260" ind1=" " ind2=" ">
      <subfield code="a">Nürnberg</subfield>
      <subfield code="b">F. Korn</subfield>
      <subfield code="c">1857</subfield>
    </datafield>
    <datafield tag="500" ind1=" " ind2=" ">
      <subfield code="a">Contains: </subfield>
    </datafield>
  </record>