
  <record>
    <leader>00000ncc a2200000 u 4500</leader>
    <controlfield tag="001">1620</controlfield>
    <datafield tag="100" ind1=" " ind2=" ">
      <subfield code="a">Mainvielle-Fodor, Joséphine</subfield>
    </datafield>
    <datafield tag="260" ind1=" " ind2=" ">
      <subfield code="a">Paris</subfield>
      <subfield code="b">Perrotin</subfield>
      <subfield code="c">1857</subfield>
    </datafield>
    <datafield tag="500" ind1=" " ind2=" ">
      <subfield code="a">Contains: </subfield>
    </datafield>
  </record>