
  <record>
    <leader>00000ncc a2200000 u 4500</leader>
    <controlfield tag="001">1622</controlfield>
    <datafield tag="100" ind1=" " ind2=" ">
      <subfield code="a">Galligo, Isacco</subfield>
    </datafield>
    <datafield tag="260" ind1=" " ind2=" ">
      <subfield code="a">Firenze</subfield>
      <subfield code="b">Barbera, Bianchi e C.</subfield>
      <subfield code="c">1858</subfield>
    </datafield>
    <datafield tag="500" ind1=" " ind2=" ">
      <subfield code="a">Contains: in: Salucci, Ermanno, Manuale della giurisprudenza dei teatri. Con appendice sulla proprietà letteraria teatrale (p. 249–308)</subfield>
    </datafield>
  </record>