
  <record>
    <leader>00000ncc a2200000 u 4500</leader>
    <controlfield tag="001">1623</controlfield>
    <datafield tag="100" ind1=" " ind2=" ">
      <subfield code="a">Kingsbury, Frederick</subfield>
    </datafield>
    <datafield tag="260" ind1=" " ind2=" ">
      <subfield code="a">London</subfield>
      <subfield code="b">G. Slater</subfield>
      <subfield code="c">1858</subfield>
    </datafield>
    <datafield tag="500" ind1=" " ind2=" ">
      <subfield code="a">Contains: 2 vol.</subfield>
    </datafield>
  </record>