
  <record>
    <leader>00000ncc a2200000 u 4500</leader>
    <controlfield tag="001">1625</controlfield>
    <datafield tag="100" ind1=" " ind2=" ">
      <subfield code="a">Wollersheim, Theodor</subfield>
    </datafield>
    <datafield tag="260" ind1=" " ind2=" ">
      <subfield code="a">Paderborn </subfield>
      <subfield code="b">F. Schönigh</subfield>
      <subfield code="c">1858</subfield>
    </datafield>
    <datafield tag="500" ind1=" " ind2=" ">
      <subfield code="a">Contains: extended version of the 1838 edition</subfield>
    </datafield>
  </record>