
  <record>
    <leader>00000ncc a2200000 u 4500</leader>
    <controlfield tag="001">1626</controlfield>
    <datafield tag="100" ind1=" " ind2=" ">
      <subfield code="a">Panofka, Heinrich</subfield>
    </datafield>
    <datafield tag="260" ind1=" " ind2=" ">
      <subfield code="a">Paris</subfield>
      <subfield code="b">G. Brandus et S. Dufour</subfield>
      <subfield code="c">1858</subfield>
    </datafield>
    <datafield tag="500" ind1=" " ind2=" ">
      <subfield code="a">Contains: German edition: Gesangs-ABC (Leipzig  u.a. , J. Rieter-Biedermann, c. 1859), English edition: Vocal ABC (New York, G. Schirmer, 1878)</subfield>
    </datafield>
  </record>