
  <record>
    <leader>00000ncc a2200000 u 4500</leader>
    <controlfield tag="001">1627</controlfield>
    <datafield tag="100" ind1=" " ind2=" ">
      <subfield code="a">Baumann, Friedrich</subfield>
    </datafield>
    <datafield tag="260" ind1=" " ind2=" ">
      <subfield code="a">Leipzig</subfield>
      <subfield code="b">Verlags-Contor</subfield>
      <subfield code="c">1859</subfield>
    </datafield>
    <datafield tag="500" ind1=" " ind2=" ">
      <subfield code="a">Contains: c. 1859  </subfield>
    </datafield>
  </record>