
  <record>
    <leader>00000ncc a2200000 u 4500</leader>
    <controlfield tag="001">1628</controlfield>
    <datafield tag="100" ind1=" " ind2=" ">
      <subfield code="a">Novello, Sabilla</subfield>
    </datafield>
    <datafield tag="260" ind1=" " ind2=" ">
      <subfield code="a">London </subfield>
      <subfield code="b">The Musical Times and Singing Class Circular</subfield>
      <subfield code="c">1859</subfield>
    </datafield>
    <datafield tag="500" ind1=" " ind2=" ">
      <subfield code="a">Contains: in: The Musical Times and Singing Class Circular, Vol. 8 (pp. 369–372, 389–392); Volume 9 (pp. 3–5, 21–24)</subfield>
    </datafield>
  </record>