
  <record>
    <leader>00000ncc a2200000 u 4500</leader>
    <controlfield tag="001">1629</controlfield>
    <datafield tag="100" ind1=" " ind2=" ">
      <subfield code="a">Guercia, Alfonso</subfield>
    </datafield>
    <datafield tag="260" ind1=" " ind2=" ">
      <subfield code="a">Milano</subfield>
      <subfield code="b">G. Ricordi</subfield>
      <subfield code="c">1859</subfield>
    </datafield>
    <datafield tag="500" ind1=" " ind2=" ">
      <subfield code="a">Contains: c. 1859; later editions: 1864, 1866, 1907, 1925</subfield>
    </datafield>
  </record>