
  <record>
    <leader>00000ncc a2200000 u 4500</leader>
    <controlfield tag="001">1630</controlfield>
    <datafield tag="100" ind1=" " ind2=" ">
      <subfield code="a">Stark, Ludwig / Lebert, Sigmund / Faisst, Immanuel</subfield>
    </datafield>
    <datafield tag="260" ind1=" " ind2=" ">
      <subfield code="a">Stuttgart</subfield>
      <subfield code="b">J. G. Cotta</subfield>
      <subfield code="c">1859</subfield>
    </datafield>
    <datafield tag="500" ind1=" " ind2=" ">
      <subfield code="a">Contains: </subfield>
    </datafield>
  </record>