
  <record>
    <leader>00000ncc a2200000 u 4500</leader>
    <controlfield tag="001">1631</controlfield>
    <datafield tag="100" ind1=" " ind2=" ">
      <subfield code="a">Nehrlich, Christian Gottfried</subfield>
    </datafield>
    <datafield tag="260" ind1=" " ind2=" ">
      <subfield code="a">Stuttgart </subfield>
      <subfield code="b">K. Lanz</subfield>
      <subfield code="c">1859</subfield>
    </datafield>
    <datafield tag="500" ind1=" " ind2=" ">
      <subfield code="a">Contains: "Zweite, durchaus umgearbeitete Ausgabe" referring to Nehrlich's Gesang-Schule für gebildete Stände (1844)</subfield>
    </datafield>
  </record>