
  <record>
    <leader>00000ncc a2200000 u 4500</leader>
    <controlfield tag="001">1633</controlfield>
    <datafield tag="100" ind1=" " ind2=" ">
      <subfield code="a">Wolzogen, Alfred Freiherr von</subfield>
    </datafield>
    <datafield tag="260" ind1=" " ind2=" ">
      <subfield code="a">Breslau</subfield>
      <subfield code="b">E. Trewendt</subfield>
      <subfield code="c">1860</subfield>
    </datafield>
    <datafield tag="500" ind1=" " ind2=" ">
      <subfield code="a">Contains: comprises: Der Verfall der Gesangskunst (p. 270–294) </subfield>
    </datafield>
  </record>