
  <record>
    <leader>00000ncc a2200000 u 4500</leader>
    <controlfield tag="001">1634</controlfield>
    <datafield tag="100" ind1=" " ind2=" ">
      <subfield code="a">Chiaromonte, Francesco</subfield>
    </datafield>
    <datafield tag="260" ind1=" " ind2=" ">
      <subfield code="a">Bruxelles</subfield>
      <subfield code="c">1860</subfield>
    </datafield>
    <datafield tag="500" ind1=" " ind2=" ">
      <subfield code="a">Contains: in three parts; c. 1860  </subfield>
    </datafield>
  </record>