
  <record>
    <leader>00000ncc a2200000 u 4500</leader>
    <controlfield tag="001">1636</controlfield>
    <datafield tag="100" ind1=" " ind2=" ">
      <subfield code="a">Welles, Johann</subfield>
    </datafield>
    <datafield tag="260" ind1=" " ind2=" ">
      <subfield code="a">Kochel</subfield>
      <subfield code="b">Kainz</subfield>
      <subfield code="c">1860</subfield>
    </datafield>
    <datafield tag="500" ind1=" " ind2=" ">
      <subfield code="a">Contains: 2 vol.; c. 1860; second volume at: http://reader.digitale-sammlungen.de/resolve/display/bsb10527821.html</subfield>
    </datafield>
  </record>