
  <record>
    <leader>00000ncc a2200000 u 4500</leader>
    <controlfield tag="001">1638</controlfield>
    <datafield tag="100" ind1=" " ind2=" ">
      <subfield code="a">Schwarz, Wilhelm</subfield>
    </datafield>
    <datafield tag="260" ind1=" " ind2=" ">
      <subfield code="a">Leipzig</subfield>
      <subfield code="b">C. F. Kahnt</subfield>
      <subfield code="c">1860</subfield>
    </datafield>
    <datafield tag="500" ind1=" " ind2=" ">
      <subfield code="a">Contains: c. 1860  </subfield>
    </datafield>
  </record>