
  <record>
    <leader>00000ncc a2200000 u 4500</leader>
    <controlfield tag="001">1639</controlfield>
    <datafield tag="100" ind1=" " ind2=" ">
      <subfield code="a">Belgiojoso, Antonio / Matthison, Arthur</subfield>
    </datafield>
    <datafield tag="260" ind1=" " ind2=" ">
      <subfield code="a">London </subfield>
      <subfield code="b">Addison, Hollier &amp; C.</subfield>
      <subfield code="c">1860</subfield>
    </datafield>
    <datafield tag="500" ind1=" " ind2=" ">
      <subfield code="a">Contains: c. 1860; probably translation of Belgiojoso, Sull'arte del canto (1841)</subfield>
    </datafield>
  </record>