
  <record>
    <leader>00000ncc a2200000 u 4500</leader>
    <controlfield tag="001">1643</controlfield>
    <datafield tag="100" ind1=" " ind2=" ">
      <subfield code="a">Sonnleithner, Leopold von</subfield>
    </datafield>
    <datafield tag="260" ind1=" " ind2=" ">
      <subfield code="a">Wien</subfield>
      <subfield code="b">Wallishauser / J. Klemm</subfield>
      <subfield code="c">1860</subfield>
    </datafield>
    <datafield tag="500" ind1=" " ind2=" ">
      <subfield code="a">Contains:  in: Recensionen und Mittheilungen über Theater und Musik 6, 1860 (p. 217–219, 281–284, 313–316)</subfield>
    </datafield>
  </record>