
  <record>
    <leader>00000ncc a2200000 u 4500</leader>
    <controlfield tag="001">1645</controlfield>
    <datafield tag="100" ind1=" " ind2=" ">
      <subfield code="a">Marchesi, Mathilde</subfield>
    </datafield>
    <datafield tag="260" ind1=" " ind2=" ">
      <subfield code="a">Wien</subfield>
      <subfield code="b">C. A. Spina</subfield>
      <subfield code="c">1861</subfield>
    </datafield>
    <datafield tag="500" ind1=" " ind2=" ">
      <subfield code="a">Contains: c. 1861; later editions: 1877, c. 1886, c. 1898 </subfield>
    </datafield>
  </record>