
  <record>
    <leader>00000ncc a2200000 u 4500</leader>
    <controlfield tag="001">1647</controlfield>
    <datafield tag="100" ind1=" " ind2=" ">
      <subfield code="a">Kösporer, Johann Nepomuk</subfield>
    </datafield>
    <datafield tag="260" ind1=" " ind2=" ">
      <subfield code="a">Freising</subfield>
      <subfield code="b">F. P. Datterer</subfield>
      <subfield code="c">1861</subfield>
    </datafield>
    <datafield tag="500" ind1=" " ind2=" ">
      <subfield code="a">Contains: revised edition title: ("Leitfaden beim Gesang-Unterricht"): Freising, F. P. Datterer, 1868; link: revised edition</subfield>
    </datafield>
  </record>