
  <record>
    <leader>00000ncc a2200000 u 4500</leader>
    <controlfield tag="001">1648</controlfield>
    <datafield tag="100" ind1=" " ind2=" ">
      <subfield code="a">Seiler, Emma</subfield>
    </datafield>
    <datafield tag="260" ind1=" " ind2=" ">
      <subfield code="a">Leipzig</subfield>
      <subfield code="b">L. Voss</subfield>
      <subfield code="c">1861</subfield>
    </datafield>
    <datafield tag="500" ind1=" " ind2=" ">
      <subfield code="a">Contains: English version ("Voice in singing"): Philadelphia, J. B. Lippincott, 1884</subfield>
    </datafield>
  </record>