
  <record>
    <leader>00000ncc a2200000 u 4500</leader>
    <controlfield tag="001">1650</controlfield>
    <datafield tag="100" ind1=" " ind2=" ">
      <subfield code="a">Schmidt, Maria Heinrich</subfield>
    </datafield>
    <datafield tag="260" ind1=" " ind2=" ">
      <subfield code="a">Magdeburg</subfield>
      <subfield code="b">Heinrichshofen</subfield>
      <subfield code="c">1861</subfield>
    </datafield>
    <datafield tag="500" ind1=" " ind2=" ">
      <subfield code="a">Contains: 7 vol. (1861–1867); link: vol. 1</subfield>
    </datafield>
  </record>