
  <record>
    <leader>00000ncc a2200000 u 4500</leader>
    <controlfield tag="001">1652</controlfield>
    <datafield tag="100" ind1=" " ind2=" ">
      <subfield code="a">Küster, Hermann</subfield>
    </datafield>
    <datafield tag="260" ind1=" " ind2=" ">
      <subfield code="a">Neu-Ruppin </subfield>
      <subfield code="b">R. Petrenz</subfield>
      <subfield code="c">1861</subfield>
    </datafield>
    <datafield tag="500" ind1=" " ind2=" ">
      <subfield code="a">Contains: </subfield>
    </datafield>
  </record>