
  <record>
    <leader>00000ncc a2200000 u 4500</leader>
    <controlfield tag="001">1653</controlfield>
    <datafield tag="100" ind1=" " ind2=" ">
      <subfield code="a">Battaille, Charles</subfield>
    </datafield>
    <datafield tag="260" ind1=" " ind2=" ">
      <subfield code="a">Paris</subfield>
      <subfield code="b">V. Masson &amp; fils</subfield>
      <subfield code="c">1861</subfield>
    </datafield>
    <datafield tag="500" ind1=" " ind2=" ">
      <subfield code="a">Contains: 2 vol., 1861–1863; in: Nouvelles Recherches sur la phonation</subfield>
    </datafield>
  </record>