
  <record>
    <leader>00000ncc a2200000 u 4500</leader>
    <controlfield tag="001">1655</controlfield>
    <datafield tag="100" ind1=" " ind2=" ">
      <subfield code="a">Spangenberg, Cyriacus</subfield>
    </datafield>
    <datafield tag="260" ind1=" " ind2=" ">
      <subfield code="a">Stuttgart  </subfield>
      <subfield code="b">Literarischer Verein</subfield>
      <subfield code="c">1861</subfield>
    </datafield>
    <datafield tag="500" ind1=" " ind2=" ">
      <subfield code="a">Contains: manuscript (Strassburg 1594), edited by Adalbert von Keller </subfield>
    </datafield>
  </record>