
  <record>
    <leader>00000ncc a2200000 u 4500</leader>
    <controlfield tag="001">1656</controlfield>
    <datafield tag="100" ind1=" " ind2=" ">
      <subfield code="a">Sieber, Ferdinand</subfield>
    </datafield>
    <datafield tag="260" ind1=" " ind2=" ">
      <subfield code="a">Leipzig</subfield>
      <subfield code="b">J. J. Weber</subfield>
      <subfield code="c">1862</subfield>
    </datafield>
    <datafield tag="500" ind1=" " ind2=" ">
      <subfield code="a">Contains: later editions: 1885, 1894, 1903 </subfield>
    </datafield>
  </record>