
  <record>
    <leader>00000ncc a2200000 u 4500</leader>
    <controlfield tag="001">1657</controlfield>
    <datafield tag="100" ind1=" " ind2=" ">
      <subfield code="a">Berlioz, Hector</subfield>
    </datafield>
    <datafield tag="260" ind1=" " ind2=" ">
      <subfield code="a">Paris</subfield>
      <subfield code="b">M. Lévy frères</subfield>
      <subfield code="c">1862</subfield>
    </datafield>
    <datafield tag="500" ind1=" " ind2=" ">
      <subfield code="a">Contains: in: A travers chants, Paris, 1862 (p. 89-104); third edition 1880</subfield>
    </datafield>
  </record>