
  <record>
    <leader>00000ncc a2200000 u 4500</leader>
    <controlfield tag="001">1658</controlfield>
    <datafield tag="100" ind1=" " ind2=" ">
      <subfield code="a">Rossi, Luigi Felice</subfield>
    </datafield>
    <datafield tag="260" ind1=" " ind2=" ">
      <subfield code="a">Torino</subfield>
      <subfield code="b">Speirani</subfield>
      <subfield code="c">1862</subfield>
    </datafield>
    <datafield tag="500" ind1=" " ind2=" ">
      <subfield code="a">Contains: second edition ("ritoccata e con nuovo ordine disposta dall'autore"); later edition: 1892 </subfield>
    </datafield>
  </record>