
  <record>
    <leader>00000ncc a2200000 u 4500</leader>
    <controlfield tag="001">1659</controlfield>
    <datafield tag="100" ind1=" " ind2=" ">
      <subfield code="a">Helmholtz, H. von</subfield>
    </datafield>
    <datafield tag="260" ind1=" " ind2=" ">
      <subfield code="a">Brunswick</subfield>
      <subfield code="b">F. Vieweg und Sohn</subfield>
      <subfield code="c">1863</subfield>
    </datafield>
    <datafield tag="500" ind1=" " ind2=" ">
      <subfield code="a">Contains: </subfield>
    </datafield>
  </record>