
  <record>
    <leader>00000ncc a2200000 u 4500</leader>
    <controlfield tag="001">1661</controlfield>
    <datafield tag="100" ind1=" " ind2=" ">
      <subfield code="a">Merling, Julius</subfield>
    </datafield>
    <datafield tag="260" ind1=" " ind2=" ">
      <subfield code="a">Magdeburg</subfield>
      <subfield code="b">Heinrichshofen</subfield>
      <subfield code="c">1863</subfield>
    </datafield>
    <datafield tag="500" ind1=" " ind2=" ">
      <subfield code="a">Contains: 4 vol.; link: vol. 1</subfield>
    </datafield>
  </record>