
  <record>
    <leader>00000ncc a2200000 u 4500</leader>
    <controlfield tag="001">1665</controlfield>
    <datafield tag="100" ind1=" " ind2=" ">
      <subfield code="a">Berlioz, Hector</subfield>
    </datafield>
    <datafield tag="260" ind1=" " ind2=" ">
      <subfield code="a">Leipzig</subfield>
      <subfield code="b">G. Heinze</subfield>
      <subfield code="c">1864</subfield>
    </datafield>
    <datafield tag="500" ind1=" " ind2=" ">
      <subfield code="a">Contains: in: A travers chants. Musikalische Studien, Huldigungen, Einfälle und Kritiken [...] deutsche Ausgabe von Richard Pohl (S. 105–133)</subfield>
    </datafield>
  </record>