
  <record>
    <leader>00000ncc a2200000 u 4500</leader>
    <controlfield tag="001">1666</controlfield>
    <datafield tag="100" ind1=" " ind2=" ">
      <subfield code="a">Nägeli, Horst</subfield>
    </datafield>
    <datafield tag="260" ind1=" " ind2=" ">
      <subfield code="a">Leipzig </subfield>
      <subfield code="b">Matthes </subfield>
      <subfield code="c">1864</subfield>
    </datafield>
    <datafield tag="500" ind1=" " ind2=" ">
      <subfield code="a">Contains: published together with: Schmitt, Friedrich, Ein offenes Wort an die Vorstände von Bühnen</subfield>
    </datafield>
  </record>