
  <record>
    <leader>00000ncc a2200000 u 4500</leader>
    <controlfield tag="001">1668</controlfield>
    <datafield tag="100" ind1=" " ind2=" ">
      <subfield code="a">Lamperti, Francesco</subfield>
    </datafield>
    <datafield tag="260" ind1=" " ind2=" ">
      <subfield code="a">Milano </subfield>
      <subfield code="b">T. e G. Ricordi</subfield>
      <subfield code="c">1864</subfield>
    </datafield>
    <datafield tag="500" ind1=" " ind2=" ">
      <subfield code="a">Contains: c. 1864; later edition: 1902 </subfield>
    </datafield>
  </record>