
  <record>
    <leader>00000ncc a2200000 u 4500</leader>
    <controlfield tag="001">1671</controlfield>
    <datafield tag="100" ind1=" " ind2=" ">
      <subfield code="a">Cinti-Damoreau, Laure</subfield>
    </datafield>
    <datafield tag="260" ind1=" " ind2=" ">
      <subfield code="a">Paris</subfield>
      <subfield code="b">H. Heugel</subfield>
      <subfield code="c">1864</subfield>
    </datafield>
    <datafield tag="500" ind1=" " ind2=" ">
      <subfield code="a">Contains: Spanish version of the 1850 French edition</subfield>
    </datafield>
  </record>