
  <record>
    <leader>00000ncc a2200000 u 4500</leader>
    <controlfield tag="001">1673</controlfield>
    <datafield tag="100" ind1=" " ind2=" ">
      <subfield code="a">Concone, Giuseppe</subfield>
    </datafield>
    <datafield tag="260" ind1=" " ind2=" ">
      <subfield code="a">Torino</subfield>
      <subfield code="b">Giudici e Strada</subfield>
      <subfield code="c">1864</subfield>
    </datafield>
    <datafield tag="500" ind1=" " ind2=" ">
      <subfield code="a">Contains: c. 1864 </subfield>
    </datafield>
  </record>