
  <record>
    <leader>00000ncc a2200000 u 4500</leader>
    <controlfield tag="001">1677</controlfield>
    <datafield tag="100" ind1=" " ind2=" ">
      <subfield code="a">Graben-Hoffmann, Gustav</subfield>
    </datafield>
    <datafield tag="260" ind1=" " ind2=" ">
      <subfield code="a">Dresden</subfield>
      <subfield code="b">B. Wieneke</subfield>
      <subfield code="c">1865</subfield>
    </datafield>
    <datafield tag="500" ind1=" " ind2=" ">
      <subfield code="a">Contains: later edition: 1885</subfield>
    </datafield>
  </record>