
  <record>
    <leader>00000ncc a2200000 u 4500</leader>
    <controlfield tag="001">1678</controlfield>
    <datafield tag="100" ind1=" " ind2=" ">
      <subfield code="a">Gamucci, Baldassare</subfield>
    </datafield>
    <datafield tag="260" ind1=" " ind2=" ">
      <subfield code="a">Firenze</subfield>
      <subfield code="b">Tofani</subfield>
      <subfield code="c">1865</subfield>
    </datafield>
    <datafield tag="500" ind1=" " ind2=" ">
      <subfield code="a">Contains: in: Atti dell'Accademia del Regio Istituto Musicale di Firenze, III (1865), p. 31–40</subfield>
    </datafield>
  </record>