
  <record>
    <leader>00000ncc a2200000 u 4500</leader>
    <controlfield tag="001">1679</controlfield>
    <datafield tag="100" ind1=" " ind2=" ">
      <subfield code="a">Schubert, Franz Ludwig</subfield>
    </datafield>
    <datafield tag="260" ind1=" " ind2=" ">
      <subfield code="a">Leipzig </subfield>
      <subfield code="b">C. Merseburger</subfield>
      <subfield code="c">1865</subfield>
    </datafield>
    <datafield tag="500" ind1=" " ind2=" ">
      <subfield code="a">Contains: later editions: 1877, 1893</subfield>
    </datafield>
  </record>