
  <record>
    <leader>00000ncc a2200000 u 4500</leader>
    <controlfield tag="001">1681</controlfield>
    <datafield tag="100" ind1=" " ind2=" ">
      <subfield code="a">Furcht, Therese</subfield>
    </datafield>
    <datafield tag="260" ind1=" " ind2=" ">
      <subfield code="a">München </subfield>
      <subfield code="b">E. A. Fleischmann</subfield>
      <subfield code="c">1865</subfield>
    </datafield>
    <datafield tag="500" ind1=" " ind2=" ">
      <subfield code="a">Contains: </subfield>
    </datafield>
  </record>