
  <record>
    <leader>00000ncc a2200000 u 4500</leader>
    <controlfield tag="001">1682</controlfield>
    <datafield tag="100" ind1=" " ind2=" ">
      <subfield code="a">Busti, Alessandro</subfield>
    </datafield>
    <datafield tag="260" ind1=" " ind2=" ">
      <subfield code="a">Napoli</subfield>
      <subfield code="b">T. Cottrau</subfield>
      <subfield code="c">1865</subfield>
    </datafield>
    <datafield tag="500" ind1=" " ind2=" ">
      <subfield code="a">Contains: </subfield>
    </datafield>
  </record>