
  <record>
    <leader>00000ncc a2200000 u 4500</leader>
    <controlfield tag="001">1683</controlfield>
    <datafield tag="100" ind1=" " ind2=" ">
      <subfield code="a">Bassini, Carlo</subfield>
    </datafield>
    <datafield tag="260" ind1=" " ind2=" ">
      <subfield code="a">New York</subfield>
      <subfield code="b">F. J. Huntington</subfield>
      <subfield code="c">1865</subfield>
    </datafield>
    <datafield tag="500" ind1=" " ind2=" ">
      <subfield code="a">Contains: c. 1865 </subfield>
    </datafield>
  </record>