
  <record>
    <leader>00000ncc a2200000 u 4500</leader>
    <controlfield tag="001">1690</controlfield>
    <datafield tag="100" ind1=" " ind2=" ">
      <subfield code="a">Ett, Caspar</subfield>
    </datafield>
    <datafield tag="260" ind1=" " ind2=" ">
      <subfield code="a">München</subfield>
      <subfield code="b">Königlicher Central-Schulbücher-Verlag </subfield>
      <subfield code="c">1866</subfield>
    </datafield>
    <datafield tag="500" ind1=" " ind2=" ">
      <subfield code="a">Contains: second volume ("II. Abtheilung"): 1867; link: first volume</subfield>
    </datafield>
  </record>