
  <record>
    <leader>00000ncc a2200000 u 4500</leader>
    <controlfield tag="001">1693</controlfield>
    <datafield tag="100" ind1=" " ind2=" ">
      <subfield code="a">Guttmann, Oskar</subfield>
    </datafield>
    <datafield tag="260" ind1=" " ind2=" ">
      <subfield code="a">Leipzig</subfield>
      <subfield code="b">J. J. Weber</subfield>
      <subfield code="c">1867</subfield>
    </datafield>
    <datafield tag="500" ind1=" " ind2=" ">
      <subfield code="a">Contains: later editions: 1876, 1882, 1890, 1902, 1908</subfield>
    </datafield>
  </record>