
  <record>
    <leader>00000ncc a2200000 u 4500</leader>
    <controlfield tag="001">1694</controlfield>
    <datafield tag="100" ind1=" " ind2=" ">
      <subfield code="a">Renner, Ludwig</subfield>
    </datafield>
    <datafield tag="260" ind1=" " ind2=" ">
      <subfield code="a">Regensburg</subfield>
      <subfield code="b">A. Coppenrath</subfield>
      <subfield code="c">1867</subfield>
    </datafield>
    <datafield tag="500" ind1=" " ind2=" ">
      <subfield code="a">Contains: revised edition: 1873</subfield>
    </datafield>
  </record>