
  <record>
    <leader>00000ncc a2200000 u 4500</leader>
    <controlfield tag="001">1695</controlfield>
    <datafield tag="100" ind1=" " ind2=" ">
      <subfield code="a">Zopff, Hermann  </subfield>
    </datafield>
    <datafield tag="260" ind1=" " ind2=" ">
      <subfield code="a">Leipzig </subfield>
      <subfield code="b">J. Schuberth &amp; Co.</subfield>
      <subfield code="c">1867</subfield>
    </datafield>
    <datafield tag="500" ind1=" " ind2=" ">
      <subfield code="a">Contains: </subfield>
    </datafield>
  </record>