
  <record>
    <leader>00000ncc a2200000 u 4500</leader>
    <controlfield tag="001">1698</controlfield>
    <datafield tag="100" ind1=" " ind2=" ">
      <subfield code="a">Cinti-Damoreau, Laure</subfield>
    </datafield>
    <datafield tag="260" ind1=" " ind2=" ">
      <subfield code="a">Boston</subfield>
      <subfield code="b">O. Ditson &amp; Co.</subfield>
      <subfield code="c">1868</subfield>
    </datafield>
    <datafield tag="500" ind1=" " ind2=" ">
      <subfield code="a">Contains: apparently based on an earlier edition (Paris 1849)</subfield>
    </datafield>
  </record>