
  <record>
    <leader>00000ncc a2200000 u 4500</leader>
    <controlfield tag="001">1699</controlfield>
    <datafield tag="100" ind1=" " ind2=" ">
      <subfield code="a">Garcia, Manuel</subfield>
    </datafield>
    <datafield tag="260" ind1=" " ind2=" ">
      <subfield code="a">Paris</subfield>
      <subfield code="b">H. Heugel</subfield>
      <subfield code="c">1868</subfield>
    </datafield>
    <datafield tag="500" ind1=" " ind2=" ">
      <subfield code="a">Contains: c. 1868 ("Quatrième édition revue et rectifiée d'après le texte original [...] par F. Vanthrot")</subfield>
    </datafield>
  </record>