
  <record>
    <leader>00000ncc a2200000 u 4500</leader>
    <controlfield tag="001">1701</controlfield>
    <datafield tag="100" ind1=" " ind2=" ">
      <subfield code="a">Lefort, Jules</subfield>
    </datafield>
    <datafield tag="260" ind1=" " ind2=" ">
      <subfield code="a">Paris</subfield>
      <subfield code="b">E. Heu </subfield>
      <subfield code="c">1868</subfield>
    </datafield>
    <datafield tag="500" ind1=" " ind2=" ">
      <subfield code="a">Contains: c. 1868; revised editions ("L'émission de la voix chantée"): 1877, 1892</subfield>
    </datafield>
  </record>