
  <record>
    <leader>00000ncc a2200000 u 4500</leader>
    <controlfield tag="001">1704</controlfield>
    <datafield tag="100" ind1=" " ind2=" ">
      <subfield code="a">Donati, Pietro</subfield>
    </datafield>
    <datafield tag="260" ind1=" " ind2=" ">
      <subfield code="a">Verona</subfield>
      <subfield code="b">Civelli</subfield>
      <subfield code="c">1869</subfield>
    </datafield>
    <datafield tag="500" ind1=" " ind2=" ">
      <subfield code="a">Contains: Vol. 6: "I movimenti e la voce"</subfield>
    </datafield>
  </record>