
  <record>
    <leader>00000ncc a2200000 u 4500</leader>
    <controlfield tag="001">1706</controlfield>
    <datafield tag="100" ind1=" " ind2=" ">
      <subfield code="a">Fétis, François Joseph / Brida, G.</subfield>
    </datafield>
    <datafield tag="260" ind1=" " ind2=" ">
      <subfield code="a">Milano</subfield>
      <subfield code="b">G. Ricordi </subfield>
      <subfield code="c">1869</subfield>
    </datafield>
    <datafield tag="500" ind1=" " ind2=" ">
      <subfield code="a">Contains: c. 1869; "traduzione dal francese di G. Brida", based on the 1839 French edition</subfield>
    </datafield>
  </record>