
  <record>
    <leader>00000ncc a2200000 u 4500</leader>
    <controlfield tag="001">1709</controlfield>
    <datafield tag="100" ind1=" " ind2=" ">
      <subfield code="a">Monroe, Lewis Baxter</subfield>
    </datafield>
    <datafield tag="260" ind1=" " ind2=" ">
      <subfield code="a">Philadelphia</subfield>
      <subfield code="b">Cowperthwait &amp; Co.</subfield>
      <subfield code="c">1869</subfield>
    </datafield>
    <datafield tag="500" ind1=" " ind2=" ">
      <subfield code="a">Contains: </subfield>
    </datafield>
  </record>