
  <record>
    <leader>00000ncc a2200000 u 4500</leader>
    <controlfield tag="001">1711</controlfield>
    <datafield tag="100" ind1=" " ind2=" ">
      <subfield code="a">Carlberg, Gotthold</subfield>
    </datafield>
    <datafield tag="260" ind1=" " ind2=" ">
      <subfield code="a">Wien [et al.]</subfield>
      <subfield code="b">A. Hartleben</subfield>
      <subfield code="c">1870</subfield>
    </datafield>
    <datafield tag="500" ind1=" " ind2=" ">
      <subfield code="a">Contains: </subfield>
    </datafield>
  </record>