
  <record>
    <leader>00000ncc a2200000 u 4500</leader>
    <controlfield tag="001">1712</controlfield>
    <datafield tag="100" ind1=" " ind2=" ">
      <subfield code="a">Delprat, Charles</subfield>
    </datafield>
    <datafield tag="260" ind1=" " ind2=" ">
      <subfield code="a">Paris</subfield>
      <subfield code="b">A. Lacroix, Verboeckhoven &amp; Cie., Éditeurs</subfield>
      <subfield code="c">1870</subfield>
    </datafield>
    <datafield tag="500" ind1=" " ind2=" ">
      <subfield code="a">Contains: </subfield>
    </datafield>
  </record>