
  <record>
    <leader>00000ncc a2200000 u 4500</leader>
    <controlfield tag="001">1713</controlfield>
    <datafield tag="100" ind1=" " ind2=" ">
      <subfield code="a">Giraldoni, Leone</subfield>
    </datafield>
    <datafield tag="260" ind1=" " ind2=" ">
      <subfield code="a">Madrid</subfield>
      <subfield code="b">C. Bailly-Bailliere</subfield>
      <subfield code="c">1870</subfield>
    </datafield>
    <datafield tag="500" ind1=" " ind2=" ">
      <subfield code="a">Contains: Spanish translation by José M. de Goizueta</subfield>
    </datafield>
  </record>