
  <record>
    <leader>00000ncc a2200000 u 4500</leader>
    <controlfield tag="001">1716</controlfield>
    <datafield tag="100" ind1=" " ind2=" ">
      <subfield code="a">Rossi, Luigi Felice</subfield>
    </datafield>
    <datafield tag="260" ind1=" " ind2=" ">
      <subfield code="a">Torino</subfield>
      <subfield code="b">G. Magrini </subfield>
      <subfield code="c">1870</subfield>
    </datafield>
    <datafield tag="500" ind1=" " ind2=" ">
      <subfield code="a">Contains: after 1870</subfield>
    </datafield>
  </record>