
  <record>
    <leader>00000ncc a2200000 u 4500</leader>
    <controlfield tag="001">1718</controlfield>
    <datafield tag="100" ind1=" " ind2=" ">
      <subfield code="a">Arrigotti, Gaetano</subfield>
    </datafield>
    <datafield tag="260" ind1=" " ind2=" ">
      <subfield code="a">Milano</subfield>
      <subfield code="b">F. Lucca</subfield>
      <subfield code="c">1871</subfield>
    </datafield>
    <datafield tag="500" ind1=" " ind2=" ">
      <subfield code="a">Contains: c. 1871 </subfield>
    </datafield>
  </record>