
  <record>
    <leader>00000ncc a2200000 u 4500</leader>
    <controlfield tag="001">1720</controlfield>
    <datafield tag="100" ind1=" " ind2=" ">
      <subfield code="a">Francke, August Hermann</subfield>
    </datafield>
    <datafield tag="260" ind1=" " ind2=" ">
      <subfield code="a">Berlin</subfield>
      <subfield code="b">Siegismund &amp; Volkening</subfield>
      <subfield code="c">1871</subfield>
    </datafield>
    <datafield tag="500" ind1=" " ind2=" ">
      <subfield code="a">Contains: 1871–72, ed. by Karl Richter </subfield>
    </datafield>
  </record>