
  <record>
    <leader>00000ncc a2200000 u 4500</leader>
    <controlfield tag="001">1726</controlfield>
    <datafield tag="100" ind1=" " ind2=" ">
      <subfield code="a">Webb, George James; Allen, Chester G.</subfield>
    </datafield>
    <datafield tag="260" ind1=" " ind2=" ">
      <subfield code="a">New York</subfield>
      <subfield code="b">Biglow &amp; Main</subfield>
      <subfield code="c">1871</subfield>
    </datafield>
    <datafield tag="500" ind1=" " ind2=" ">
      <subfield code="a">Contains: </subfield>
    </datafield>
  </record>