
  <record>
    <leader>00000ncc a2200000 u 4500</leader>
    <controlfield tag="001">1729</controlfield>
    <datafield tag="100" ind1=" " ind2=" ">
      <subfield code="a">Nava, Gaetano</subfield>
    </datafield>
    <datafield tag="260" ind1=" " ind2=" ">
      <subfield code="a">London</subfield>
      <subfield code="b">Boosey &amp; Co.</subfield>
      <subfield code="c">1872</subfield>
    </datafield>
    <datafield tag="500" ind1=" " ind2=" ">
      <subfield code="a">Contains: English translation by Charles Santley</subfield>
    </datafield>
  </record>