
  <record>
    <leader>00000ncc a2200000 u 4500</leader>
    <controlfield tag="001">1735</controlfield>
    <datafield tag="100" ind1=" " ind2=" ">
      <subfield code="a">Guillemin, Auguste</subfield>
    </datafield>
    <datafield tag="260" ind1=" " ind2=" ">
      <subfield code="a">Paris</subfield>
      <subfield code="b">F. Alcan</subfield>
      <subfield code="c">1873</subfield>
    </datafield>
    <datafield tag="500" ind1=" " ind2=" ">
      <subfield code="a">Contains: second edition, s.d.</subfield>
    </datafield>
  </record>