
  <record>
    <leader>00000ncc a2200000 u 4500</leader>
    <controlfield tag="001">1736</controlfield>
    <datafield tag="100" ind1=" " ind2=" ">
      <subfield code="a">Lablache, Louis</subfield>
    </datafield>
    <datafield tag="260" ind1=" " ind2=" ">
      <subfield code="a">Cincinnati</subfield>
      <subfield code="b">J. Church &amp; Co.</subfield>
      <subfield code="c">1873</subfield>
    </datafield>
    <datafield tag="500" ind1=" " ind2=" ">
      <subfield code="a">Contains: </subfield>
    </datafield>
  </record>