
  <record>
    <leader>00000ncc a2200000 u 4500</leader>
    <controlfield tag="001">1738</controlfield>
    <datafield tag="100" ind1=" " ind2=" ">
      <subfield code="a">Piel, Peter</subfield>
    </datafield>
    <datafield tag="260" ind1=" " ind2=" ">
      <subfield code="a">Düsseldorf</subfield>
      <subfield code="b">Schwann</subfield>
      <subfield code="c">1873</subfield>
    </datafield>
    <datafield tag="500" ind1=" " ind2=" ">
      <subfield code="a">Contains: </subfield>
    </datafield>
  </record>