
  <record>
    <leader>00000ncc a2200000 u 4500</leader>
    <controlfield tag="001">1743</controlfield>
    <datafield tag="100" ind1=" " ind2=" ">
      <subfield code="a">Tosi, Pier Francesco; Lemaire, Théophile</subfield>
    </datafield>
    <datafield tag="260" ind1=" " ind2=" ">
      <subfield code="a">Paris</subfield>
      <subfield code="b">J. Rothschild</subfield>
      <subfield code="c">1874</subfield>
    </datafield>
    <datafield tag="500" ind1=" " ind2=" ">
      <subfield code="a">Contains: French translation of Tosi 1723, with remarks by Lemaire and musical examples from Galliard's English translations </subfield>
    </datafield>
  </record>