
  <record>
    <leader>00000ncc a2200000 u 4500</leader>
    <controlfield tag="001">1744</controlfield>
    <datafield tag="100" ind1=" " ind2=" ">
      <subfield code="a">Widmann, Benedikt</subfield>
    </datafield>
    <datafield tag="260" ind1=" " ind2=" ">
      <subfield code="a">Leipzig</subfield>
      <subfield code="b">Merseburger</subfield>
      <subfield code="c">1874</subfield>
    </datafield>
    <datafield tag="500" ind1=" " ind2=" ">
      <subfield code="a">Contains: </subfield>
    </datafield>
  </record>