
  <record>
    <leader>00000ncc a2200000 u 4500</leader>
    <controlfield tag="001">1747</controlfield>
    <datafield tag="100" ind1=" " ind2=" ">
      <subfield code="a">Abt, Franz</subfield>
    </datafield>
    <datafield tag="260" ind1=" " ind2=" ">
      <subfield code="a">Braunschweig</subfield>
      <subfield code="b">H. Litolff</subfield>
      <subfield code="c">1875</subfield>
    </datafield>
    <datafield tag="500" ind1=" " ind2=" ">
      <subfield code="a">Contains: </subfield>
    </datafield>
  </record>