
  <record>
    <leader>00000ncc a2200000 u 4500</leader>
    <controlfield tag="001">1748</controlfield>
    <datafield tag="100" ind1=" " ind2=" ">
      <subfield code="a">Audubert, Jules</subfield>
    </datafield>
    <datafield tag="260" ind1=" " ind2=" ">
      <subfield code="a">Paris</subfield>
      <subfield code="b">Brandus et C.ie</subfield>
      <subfield code="c">1876</subfield>
    </datafield>
    <datafield tag="500" ind1=" " ind2=" ">
      <subfield code="a">Contains: </subfield>
    </datafield>
  </record>