
  <record>
    <leader>00000ncc a2200000 u 4500</leader>
    <controlfield tag="001">1754</controlfield>
    <datafield tag="100" ind1=" " ind2=" ">
      <subfield code="a">Mandl, Dr. Louis</subfield>
    </datafield>
    <datafield tag="260" ind1=" " ind2=" ">
      <subfield code="a">Braunschweig</subfield>
      <subfield code="b">F. Vieweg &amp; Sohn</subfield>
      <subfield code="c">1876</subfield>
    </datafield>
    <datafield tag="500" ind1=" " ind2=" ">
      <subfield code="a">Contains: </subfield>
    </datafield>
  </record>