
  <record>
    <leader>00000ncc a2200000 u 4500</leader>
    <controlfield tag="001">1755</controlfield>
    <datafield tag="100" ind1=" " ind2=" ">
      <subfield code="a">Orsini, Alessandro</subfield>
    </datafield>
    <datafield tag="260" ind1=" " ind2=" ">
      <subfield code="a">Roma</subfield>
      <subfield code="b">F. Cuggiani</subfield>
      <subfield code="c">1876</subfield>
    </datafield>
    <datafield tag="500" ind1=" " ind2=" ">
      <subfield code="a">Contains: </subfield>
    </datafield>
  </record>