
  <record>
    <leader>00000ncc a2200000 u 4500</leader>
    <controlfield tag="001">1761</controlfield>
    <datafield tag="100" ind1=" " ind2=" ">
      <subfield code="a">Marchesi, Mathilde</subfield>
    </datafield>
    <datafield tag="260" ind1=" " ind2=" ">
      <subfield code="a">Wien</subfield>
      <subfield code="c">1877</subfield>
    </datafield>
    <datafield tag="500" ind1=" " ind2=" ">
      <subfield code="a">Contains: link: second edition New York, G. Schirmer, 1890</subfield>
    </datafield>
  </record>