
  <record>
    <leader>00000ncc a2200000 u 4500</leader>
    <controlfield tag="001">1767</controlfield>
    <datafield tag="100" ind1=" " ind2=" ">
      <subfield code="a">Vaccai, Nicola</subfield>
    </datafield>
    <datafield tag="260" ind1=" " ind2=" ">
      <subfield code="a">Boston</subfield>
      <subfield code="b">G. D. Russel &amp; Co.</subfield>
      <subfield code="c">1878</subfield>
    </datafield>
    <datafield tag="500" ind1=" " ind2=" ">
      <subfield code="a">Contains: </subfield>
    </datafield>
  </record>