
  <record>
    <leader>00000ncc a2200000 u 4500</leader>
    <controlfield tag="001">1769</controlfield>
    <datafield tag="100" ind1=" " ind2=" ">
      <subfield code="a">Goldschmidt, Hugo</subfield>
    </datafield>
    <datafield tag="260" ind1=" " ind2=" ">
      <subfield code="a">Berlin</subfield>
      <subfield code="b">T. Trautwein</subfield>
      <subfield code="c">1879</subfield>
    </datafield>
    <datafield tag="500" ind1=" " ind2=" ">
      <subfield code="a">Contains: in: Monatshefte für Musikgeschichte XI (1879), p. 129–133, 135–141, 151–166</subfield>
    </datafield>
  </record>