
  <record>
    <leader>00000ncc a2200000 u 4500</leader>
    <controlfield tag="001">1770</controlfield>
    <datafield tag="100" ind1=" " ind2=" ">
      <subfield code="a">Cantelli, Antonio</subfield>
    </datafield>
    <datafield tag="260" ind1=" " ind2=" ">
      <subfield code="a">Napoli</subfield>
      <subfield code="b">Prete</subfield>
      <subfield code="c">1879</subfield>
    </datafield>
    <datafield tag="500" ind1=" " ind2=" ">
      <subfield code="a">Contains: </subfield>
    </datafield>
  </record>