
  <record>
    <leader>00000ncc a2200000 u 4500</leader>
    <controlfield tag="001">1771</controlfield>
    <datafield tag="100" ind1=" " ind2=" ">
      <subfield code="a">Chervin, Arthur</subfield>
    </datafield>
    <datafield tag="260" ind1=" " ind2=" ">
      <subfield code="a">Paris</subfield>
      <subfield code="b">A. Derenne</subfield>
      <subfield code="c">1879</subfield>
    </datafield>
    <datafield tag="500" ind1=" " ind2=" ">
      <subfield code="a">Contains: </subfield>
    </datafield>
  </record>