
  <record>
    <leader>00000ncc a2200000 u 4500</leader>
    <controlfield tag="001">1772</controlfield>
    <datafield tag="100" ind1=" " ind2=" ">
      <subfield code="a">Daniell, W. H.</subfield>
    </datafield>
    <datafield tag="260" ind1=" " ind2=" ">
      <subfield code="a">Boston</subfield>
      <subfield code="b">Fowler &amp; Wells</subfield>
      <subfield code="c">1879</subfield>
    </datafield>
    <datafield tag="500" ind1=" " ind2=" ">
      <subfield code="a">Contains: </subfield>
    </datafield>
  </record>