
  <record>
    <leader>00000ncc a2200000 u 4500</leader>
    <controlfield tag="001">1774</controlfield>
    <datafield tag="100" ind1=" " ind2=" ">
      <subfield code="a">Klünder, A.</subfield>
    </datafield>
    <datafield tag="260" ind1=" " ind2=" ">
      <subfield code="a">Berlin</subfield>
      <subfield code="b">G. Reimer</subfield>
      <subfield code="c">1879</subfield>
    </datafield>
    <datafield tag="500" ind1=" " ind2=" ">
      <subfield code="a">Contains: in: "Virchows Archiv für pathologische Anatomie und Physiologie und für klinische Medicin"</subfield>
    </datafield>
  </record>