
  <record>
    <leader>00000ncc a2200000 u 4500</leader>
    <controlfield tag="001">1777</controlfield>
    <datafield tag="100" ind1=" " ind2=" ">
      <subfield code="a">Bozzelli, Giuseppe</subfield>
    </datafield>
    <datafield tag="260" ind1=" " ind2=" ">
      <subfield code="a">Menaggio</subfield>
      <subfield code="b">Tipografia e libreria Antonio Mastai</subfield>
      <subfield code="c">1880</subfield>
    </datafield>
    <datafield tag="500" ind1=" " ind2=" ">
      <subfield code="a">Contains: </subfield>
    </datafield>
  </record>