
  <record>
    <leader>00000ncc a2200000 u 4500</leader>
    <controlfield tag="001">1779</controlfield>
    <datafield tag="100" ind1=" " ind2=" ">
      <subfield code="a">Coletti, Filippo</subfield>
    </datafield>
    <datafield tag="260" ind1=" " ind2=" ">
      <subfield code="a">Roma</subfield>
      <subfield code="b">Forzani e C.</subfield>
      <subfield code="c">1880</subfield>
    </datafield>
    <datafield tag="500" ind1=" " ind2=" ">
      <subfield code="a">Contains: </subfield>
    </datafield>
  </record>