
  <record>
    <leader>00000ncc a2200000 u 4500</leader>
    <controlfield tag="001">1787</controlfield>
    <datafield tag="100" ind1=" " ind2=" ">
      <subfield code="a">Piermarini, F. </subfield>
    </datafield>
    <datafield tag="260" ind1=" " ind2=" ">
      <subfield code="a">Paris</subfield>
      <subfield code="b">Choudens</subfield>
      <subfield code="c">1880</subfield>
    </datafield>
    <datafield tag="500" ind1=" " ind2=" ">
      <subfield code="a">Contains: second part: "60 exercices gradués et préparatoires aux grandes études de la 2.e partie de son cours de chant"</subfield>
    </datafield>
  </record>