
  <record>
    <leader>00000ncc a2200000 u 4500</leader>
    <controlfield tag="001">1788</controlfield>
    <datafield tag="100" ind1=" " ind2=" ">
      <subfield code="a">Troschel [Troszel], Wilhelm</subfield>
    </datafield>
    <datafield tag="260" ind1=" " ind2=" ">
      <subfield code="a">Varsovie / Warschau</subfield>
      <subfield code="b">G. Sennewald</subfield>
      <subfield code="c">1880</subfield>
    </datafield>
    <datafield tag="500" ind1=" " ind2=" ">
      <subfield code="a">Contains: c. 1880; "Nouv. éd. augm."</subfield>
    </datafield>
  </record>