
  <record>
    <leader>00000ncc a2200000 u 4500</leader>
    <controlfield tag="001">1789</controlfield>
    <datafield tag="100" ind1=" " ind2=" ">
      <subfield code="a">Sturm, Wilhelm </subfield>
    </datafield>
    <datafield tag="260" ind1=" " ind2=" ">
      <subfield code="a">Berlin / Stuttgart</subfield>
      <subfield code="b">F. Luckhardt</subfield>
      <subfield code="c">1880</subfield>
    </datafield>
    <datafield tag="500" ind1=" " ind2=" ">
      <subfield code="a">Contains: c. 1880; 2 vol.</subfield>
    </datafield>
  </record>