
  <record>
    <leader>00000ncc a2200000 u 4500</leader>
    <controlfield tag="001">1790</controlfield>
    <datafield tag="100" ind1=" " ind2=" ">
      <subfield code="a">Cauvet, Alfred</subfield>
    </datafield>
    <datafield tag="260" ind1=" " ind2=" ">
      <subfield code="a">Paris</subfield>
      <subfield code="b">Ollendorf</subfield>
      <subfield code="c">1881</subfield>
    </datafield>
    <datafield tag="500" ind1=" " ind2=" ">
      <subfield code="a">Contains: eighth edition: 1886 </subfield>
    </datafield>
  </record>