
  <record>
    <leader>00000ncc a2200000 u 4500</leader>
    <controlfield tag="001">1791</controlfield>
    <datafield tag="100" ind1=" " ind2=" ">
      <subfield code="a">Della Valle, Giovanni</subfield>
    </datafield>
    <datafield tag="260" ind1=" " ind2=" ">
      <subfield code="a">Piacenza</subfield>
      <subfield code="b">Tipografia Marchesotti e C.</subfield>
      <subfield code="c">1881</subfield>
    </datafield>
    <datafield tag="500" ind1=" " ind2=" ">
      <subfield code="a">Contains: </subfield>
    </datafield>
  </record>