
  <record>
    <leader>00000ncc a2200000 u 4500</leader>
    <controlfield tag="001">1794</controlfield>
    <datafield tag="100" ind1=" " ind2=" ">
      <subfield code="a">Matteini, Raffaello</subfield>
    </datafield>
    <datafield tag="260" ind1=" " ind2=" ">
      <subfield code="a">Roma</subfield>
      <subfield code="b">Stabilimento tipografico italiano</subfield>
      <subfield code="c">1881</subfield>
    </datafield>
    <datafield tag="500" ind1=" " ind2=" ">
      <subfield code="a">Contains: </subfield>
    </datafield>
  </record>