
  <record>
    <leader>00000ncc a2200000 u 4500</leader>
    <controlfield tag="001">1800</controlfield>
    <datafield tag="100" ind1=" " ind2=" ">
      <subfield code="a">Pattou, Ange Albert</subfield>
    </datafield>
    <datafield tag="260" ind1=" " ind2=" ">
      <subfield code="a">Philadelphia</subfield>
      <subfield code="b">G. P. Putnam's Sons</subfield>
      <subfield code="c">1882</subfield>
    </datafield>
    <datafield tag="500" ind1=" " ind2=" ">
      <subfield code="a">Contains: </subfield>
    </datafield>
  </record>