
  <record>
    <leader>00000ncc a2200000 u 4500</leader>
    <controlfield tag="001">1801</controlfield>
    <datafield tag="100" ind1=" " ind2=" ">
      <subfield code="a">Howard, John</subfield>
    </datafield>
    <datafield tag="260" ind1=" " ind2=" ">
      <subfield code="a">New York</subfield>
      <subfield code="b">E. S. Werner</subfield>
      <subfield code="c">1882</subfield>
    </datafield>
    <datafield tag="500" ind1=" " ind2=" ">
      <subfield code="a">Contains: </subfield>
    </datafield>
  </record>