
  <record>
    <leader>00000ncc a2200000 u 4500</leader>
    <controlfield tag="001">1802</controlfield>
    <datafield tag="100" ind1=" " ind2=" ">
      <subfield code="a">Jousse, John</subfield>
    </datafield>
    <datafield tag="260" ind1=" " ind2=" ">
      <subfield code="a">Toronto </subfield>
      <subfield code="b">Toronto News Co.</subfield>
      <subfield code="c">1882</subfield>
    </datafield>
    <datafield tag="500" ind1=" " ind2=" ">
      <subfield code="a">Contains: 1882 c.; link: edition Philadelphia, T. Presser, 1892</subfield>
    </datafield>
  </record>