
  <record>
    <leader>00000ncc a2200000 u 4500</leader>
    <controlfield tag="001">1806</controlfield>
    <datafield tag="100" ind1=" " ind2=" ">
      <subfield code="a">Garsó, Siga</subfield>
    </datafield>
    <datafield tag="260" ind1=" " ind2=" ">
      <subfield code="a">Bremen</subfield>
      <subfield code="b">Schweers &amp; Haake</subfield>
      <subfield code="c">1884</subfield>
    </datafield>
    <datafield tag="500" ind1=" " ind2=" ">
      <subfield code="a">Contains: German translation by Albert Jacubeit </subfield>
    </datafield>
  </record>