
  <record>
    <leader>00000ncc a2200000 u 4500</leader>
    <controlfield tag="001">1807</controlfield>
    <datafield tag="100" ind1=" " ind2=" ">
      <subfield code="a">Hey, Julius</subfield>
    </datafield>
    <datafield tag="260" ind1=" " ind2=" ">
      <subfield code="a">Mainz</subfield>
      <subfield code="b">Schott's Söhne</subfield>
      <subfield code="c">1884</subfield>
    </datafield>
    <datafield tag="500" ind1=" " ind2=" ">
      <subfield code="a">Contains:  2 vol. </subfield>
    </datafield>
  </record>