
  <record>
    <leader>00000ncc a2200000 u 4500</leader>
    <controlfield tag="001">1808</controlfield>
    <datafield tag="100" ind1=" " ind2=" ">
      <subfield code="a">Lamperti, Francesco</subfield>
    </datafield>
    <datafield tag="260" ind1=" " ind2=" ">
      <subfield code="a">London</subfield>
      <subfield code="b">G. Ricordi</subfield>
      <subfield code="c">1884</subfield>
    </datafield>
    <datafield tag="500" ind1=" " ind2=" ">
      <subfield code="a">Contains: English translation by Walter Jekyll </subfield>
    </datafield>
  </record>