
  <record>
    <leader>00000ncc a2200000 u 4500</leader>
    <controlfield tag="001">1810</controlfield>
    <datafield tag="100" ind1=" " ind2=" ">
      <subfield code="a">Ristori, Cesare</subfield>
    </datafield>
    <datafield tag="260" ind1=" " ind2=" ">
      <subfield code="a">Paris</subfield>
      <subfield code="b">Veuve Pairault et fils</subfield>
      <subfield code="c">1884</subfield>
    </datafield>
    <datafield tag="500" ind1=" " ind2=" ">
      <subfield code="a">Contains: French translation by Guido Spinetti </subfield>
    </datafield>
  </record>