
  <record>
    <leader>00000ncc a2200000 u 4500</leader>
    <controlfield tag="001">1812</controlfield>
    <datafield tag="100" ind1=" " ind2=" ">
      <subfield code="a">Stockhausen, Julius</subfield>
    </datafield>
    <datafield tag="260" ind1=" " ind2=" ">
      <subfield code="a">London [et al.]</subfield>
      <subfield code="b">Novello, Ewer &amp; Co.</subfield>
      <subfield code="c">1884</subfield>
    </datafield>
    <datafield tag="500" ind1=" " ind2=" ">
      <subfield code="a">Contains: English translation by Sophie Löwe </subfield>
    </datafield>
  </record>