
  <record>
    <leader>00000ncc a2200000 u 4500</leader>
    <controlfield tag="001">1827</controlfield>
    <datafield tag="100" ind1=" " ind2=" ">
      <subfield code="a">Holtzem, Louis-Alphonse Edmond</subfield>
    </datafield>
    <datafield tag="260" ind1=" " ind2=" ">
      <subfield code="a">Paris [et al.]</subfield>
      <subfield code="b">Girod</subfield>
      <subfield code="c">1886</subfield>
    </datafield>
    <datafield tag="500" ind1=" " ind2=" ">
      <subfield code="a">Contains: "2.e édition entièrement refondue"</subfield>
    </datafield>
  </record>