
  <record>
    <leader>00000ncc a2200000 u 4500</leader>
    <controlfield tag="001">1828</controlfield>
    <datafield tag="100" ind1=" " ind2=" ">
      <subfield code="a">Mackenzie, Morell D.</subfield>
    </datafield>
    <datafield tag="260" ind1=" " ind2=" ">
      <subfield code="a">London [et al.]</subfield>
      <subfield code="b">Macmillan &amp; Co</subfield>
      <subfield code="c">1886</subfield>
    </datafield>
    <datafield tag="500" ind1=" " ind2=" ">
      <subfield code="a">Contains: </subfield>
    </datafield>
  </record>