
  <record>
    <leader>00000ncc a2200000 u 4500</leader>
    <controlfield tag="001">1830</controlfield>
    <datafield tag="100" ind1=" " ind2=" ">
      <subfield code="a">Merlo, P.</subfield>
    </datafield>
    <datafield tag="260" ind1=" " ind2=" ">
      <subfield code="a">Firenze</subfield>
      <subfield code="b">Le Monnier</subfield>
      <subfield code="c">1886</subfield>
    </datafield>
    <datafield tag="500" ind1=" " ind2=" ">
      <subfield code="a">Contains: in: Miscellanea di filologia e linguistica </subfield>
    </datafield>
  </record>