
  <record>
    <leader>00000ncc a2200000 u 4500</leader>
    <controlfield tag="001">1834</controlfield>
    <datafield tag="100" ind1=" " ind2=" ">
      <subfield code="a">Dowd, D. L.</subfield>
    </datafield>
    <datafield tag="260" ind1=" " ind2=" ">
      <subfield code="a">New York</subfield>
      <subfield code="b">Private Edition - Printed for the Author</subfield>
      <subfield code="c">1886</subfield>
    </datafield>
    <datafield tag="500" ind1=" " ind2=" ">
      <subfield code="a">Contains: Link: full text transcribed in .txt form </subfield>
    </datafield>
  </record>