
  <record>
    <leader>00000ncc a2200000 u 4500</leader>
    <controlfield tag="001">1838</controlfield>
    <datafield tag="100" ind1=" " ind2=" ">
      <subfield code="a">Caputo, Michele Carlo</subfield>
    </datafield>
    <datafield tag="260" ind1=" " ind2=" ">
      <subfield code="a">Assisi</subfield>
      <subfield code="b">Scuola tipo-litografica Froebel</subfield>
      <subfield code="c">1887</subfield>
    </datafield>
    <datafield tag="500" ind1=" " ind2=" ">
      <subfield code="a">Contains: </subfield>
    </datafield>
  </record>