
  <record>
    <leader>00000ncc a2200000 u 4500</leader>
    <controlfield tag="001">1839</controlfield>
    <datafield tag="100" ind1=" " ind2=" ">
      <subfield code="a">Mackenzie, Morell D.</subfield>
    </datafield>
    <datafield tag="260" ind1=" " ind2=" ">
      <subfield code="a">Hamburg</subfield>
      <subfield code="b">L. Voss</subfield>
      <subfield code="c">1887</subfield>
    </datafield>
    <datafield tag="500" ind1=" " ind2=" ">
      <subfield code="a">Contains: German translation of Mackenzie 1886 </subfield>
    </datafield>
  </record>