
  <record>
    <leader>00000ncc a2200000 u 4500</leader>
    <controlfield tag="001">1840</controlfield>
    <datafield tag="100" ind1=" " ind2=" ">
      <subfield code="a">Marchesi, Mathilde</subfield>
    </datafield>
    <datafield tag="260" ind1=" " ind2=" ">
      <subfield code="a">Boston</subfield>
      <subfield code="b">O. Ditson</subfield>
      <subfield code="c">1887</subfield>
    </datafield>
    <datafield tag="500" ind1=" " ind2=" ">
      <subfield code="a">Contains: English translation of Marchesi 1886 </subfield>
    </datafield>
  </record>