
  <record>
    <leader>00000ncc a2200000 u 4500</leader>
    <controlfield tag="001">1841</controlfield>
    <datafield tag="100" ind1=" " ind2=" ">
      <subfield code="a">Marchesi, Mathilde</subfield>
    </datafield>
    <datafield tag="260" ind1=" " ind2=" ">
      <subfield code="a">Torino</subfield>
      <subfield code="b">A. Demarchi</subfield>
      <subfield code="c">1887</subfield>
    </datafield>
    <datafield tag="500" ind1=" " ind2=" ">
      <subfield code="a">Contains: Italian translation of Marchesi 1886 </subfield>
    </datafield>
  </record>