
  <record>
    <leader>00000ncc a2200000 u 4500</leader>
    <controlfield tag="001">1847</controlfield>
    <datafield tag="100" ind1=" " ind2=" ">
      <subfield code="a">Labanchi, Andrea Giuseppe</subfield>
    </datafield>
    <datafield tag="260" ind1=" " ind2=" ">
      <subfield code="a">Napoli</subfield>
      <subfield code="b">G. Tizzano</subfield>
      <subfield code="c">1888</subfield>
    </datafield>
    <datafield tag="500" ind1=" " ind2=" ">
      <subfield code="a">Contains: </subfield>
    </datafield>
  </record>