
  <record>
    <leader>00000ncc a2200000 u 4500</leader>
    <controlfield tag="001">1848</controlfield>
    <datafield tag="100" ind1=" " ind2=" ">
      <subfield code="a">Mackenzie, Morell D.</subfield>
    </datafield>
    <datafield tag="260" ind1=" " ind2=" ">
      <subfield code="a">Paris</subfield>
      <subfield code="b">E. Dentu</subfield>
      <subfield code="c">1888</subfield>
    </datafield>
    <datafield tag="500" ind1=" " ind2=" ">
      <subfield code="a">Contains: French translation of Mackenzie 1886 by L. Brachet and G. Coupard </subfield>
    </datafield>
  </record>