
  <record>
    <leader>00000ncc a2200000 u 4500</leader>
    <controlfield tag="001">1849</controlfield>
    <datafield tag="100" ind1=" " ind2=" ">
      <subfield code="a">Mackenzie, Morell D.</subfield>
    </datafield>
    <datafield tag="260" ind1=" " ind2=" ">
      <subfield code="a">Napoli</subfield>
      <subfield code="b">C. Preisig</subfield>
      <subfield code="c">1888</subfield>
    </datafield>
    <datafield tag="500" ind1=" " ind2=" ">
      <subfield code="a">Contains: Italian translation of Mackenzie 1886 by Ferdinando Massei </subfield>
    </datafield>
  </record>