
  <record>
    <leader>00000ncc a2200000 u 4500</leader>
    <controlfield tag="001">1854</controlfield>
    <datafield tag="100" ind1=" " ind2=" ">
      <subfield code="a">Cornet, Alfred</subfield>
    </datafield>
    <datafield tag="260" ind1=" " ind2=" ">
      <subfield code="a">Paris</subfield>
      <subfield code="b">Imprimerie Nationale</subfield>
      <subfield code="c">1889</subfield>
    </datafield>
    <datafield tag="500" ind1=" " ind2=" ">
      <subfield code="a">Contains: </subfield>
    </datafield>
  </record>