
  <record>
    <leader>00000ncc a2200000 u 4500</leader>
    <controlfield tag="001">1855</controlfield>
    <datafield tag="100" ind1=" " ind2=" ">
      <subfield code="a">Finck, Henry Theophilus</subfield>
    </datafield>
    <datafield tag="260" ind1=" " ind2=" ">
      <subfield code="a">New York</subfield>
      <subfield code="b">Scribner</subfield>
      <subfield code="c">1889</subfield>
    </datafield>
    <datafield tag="500" ind1=" " ind2=" ">
      <subfield code="a">Contains: in: Chopin and other musical essays, p. 183–232 </subfield>
    </datafield>
  </record>