
  <record>
    <leader>00000ncc a2200000 u 4500</leader>
    <controlfield tag="001">1861</controlfield>
    <datafield tag="100" ind1=" " ind2=" ">
      <subfield code="a">Vaille, Agnes Goodrich</subfield>
    </datafield>
    <datafield tag="260" ind1=" " ind2=" ">
      <subfield code="a">Boston</subfield>
      <subfield code="b">O. Ditson Company</subfield>
      <subfield code="c">1889</subfield>
    </datafield>
    <datafield tag="500" ind1=" " ind2=" ">
      <subfield code="a">Contains: </subfield>
    </datafield>
  </record>