
  <record>
    <leader>00000ncc a2200000 u 4500</leader>
    <controlfield tag="001">1863</controlfield>
    <datafield tag="100" ind1=" " ind2=" ">
      <subfield code="a">Hermann, L.</subfield>
    </datafield>
    <datafield tag="260" ind1=" " ind2=" ">
      <subfield code="a">Bonn</subfield>
      <subfield code="b">M. Hager</subfield>
      <subfield code="c">1890</subfield>
    </datafield>
    <datafield tag="500" ind1=" " ind2=" ">
      <subfield code="a">Contains: in: Pflügers Archiv für die Gesammte Physiologie des Menschen und der Thiere, vol. 47 n.1 (1890/12): p. 42–44 </subfield>
    </datafield>
  </record>