
  <record>
    <leader>00000ncc a2200000 u 4500</leader>
    <controlfield tag="001">1875</controlfield>
    <datafield tag="100" ind1=" " ind2=" ">
      <subfield code="a">Stockhausen, Julius</subfield>
    </datafield>
    <datafield tag="260" ind1=" " ind2=" ">
      <subfield code="a"/>
      <subfield code="c">1890</subfield>
    </datafield>
    <datafield tag="500" ind1=" " ind2=" ">
      <subfield code="a">Contains: in: Der Bund, 13. September 1890 </subfield>
    </datafield>
  </record>