
  <record>
    <leader>00000ncc a2200000 u 4500</leader>
    <controlfield tag="001">1882</controlfield>
    <datafield tag="100" ind1=" " ind2=" ">
      <subfield code="a">Myer, Edmund John</subfield>
    </datafield>
    <datafield tag="260" ind1=" " ind2=" ">
      <subfield code="a">Boston</subfield>
      <subfield code="b">American Publishing Co.</subfield>
      <subfield code="c">1891</subfield>
    </datafield>
    <datafield tag="500" ind1=" " ind2=" ">
      <subfield code="a">Contains: </subfield>
    </datafield>
  </record>