
  <record>
    <leader>00000ncc a2200000 u 4500</leader>
    <controlfield tag="001">1883</controlfield>
    <datafield tag="100" ind1=" " ind2=" ">
      <subfield code="a">Palermi, Ernesto</subfield>
    </datafield>
    <datafield tag="260" ind1=" " ind2=" ">
      <subfield code="a">Roma</subfield>
      <subfield code="b">Stab. Giuseppe Civelli</subfield>
      <subfield code="c">1891</subfield>
    </datafield>
    <datafield tag="500" ind1=" " ind2=" ">
      <subfield code="a">Contains: </subfield>
    </datafield>
  </record>