
  <record>
    <leader>00000ncc a2200000 u 4500</leader>
    <controlfield tag="001">1884</controlfield>
    <datafield tag="100" ind1=" " ind2=" ">
      <subfield code="a">Raggi, Alessandro</subfield>
    </datafield>
    <datafield tag="260" ind1=" " ind2=" ">
      <subfield code="a">Cesena</subfield>
      <subfield code="b">Società coop. Tipografica</subfield>
      <subfield code="c">1891</subfield>
    </datafield>
    <datafield tag="500" ind1=" " ind2=" ">
      <subfield code="a">Contains: </subfield>
    </datafield>
  </record>