
  <record>
    <leader>00000ncc a2200000 u 4500</leader>
    <controlfield tag="001">1885</controlfield>
    <datafield tag="100" ind1=" " ind2=" ">
      <subfield code="a">Rokitansky, Victor</subfield>
    </datafield>
    <datafield tag="260" ind1=" " ind2=" ">
      <subfield code="a">Wien [et al.]</subfield>
      <subfield code="b">A. Hartleben’s Verlag</subfield>
      <subfield code="c">1891</subfield>
    </datafield>
    <datafield tag="500" ind1=" " ind2=" ">
      <subfield code="a">Contains: </subfield>
    </datafield>
  </record>