
  <record>
    <leader>00000ncc a2200000 u 4500</leader>
    <controlfield tag="001">1886</controlfield>
    <datafield tag="100" ind1=" " ind2=" ">
      <subfield code="a">Werther, Ernesta</subfield>
    </datafield>
    <datafield tag="260" ind1=" " ind2=" ">
      <subfield code="a">Essen</subfield>
      <subfield code="b">A. Werther</subfield>
      <subfield code="c">1891</subfield>
    </datafield>
    <datafield tag="500" ind1=" " ind2=" ">
      <subfield code="a">Contains: </subfield>
    </datafield>
  </record>