
  <record>
    <leader>00000ncc a2200000 u 4500</leader>
    <controlfield tag="001">1888</controlfield>
    <datafield tag="100" ind1=" " ind2=" ">
      <subfield code="a">Goldschmidt, Hugo</subfield>
    </datafield>
    <datafield tag="260" ind1=" " ind2=" ">
      <subfield code="a">Leipzig</subfield>
      <subfield code="b">Schlesische Buckdruckerei</subfield>
      <subfield code="c">1892</subfield>
    </datafield>
    <datafield tag="500" ind1=" " ind2=" ">
      <subfield code="a">Contains: </subfield>
    </datafield>
  </record>