
  <record>
    <leader>00000ncc a2200000 u 4500</leader>
    <controlfield tag="001">1889</controlfield>
    <datafield tag="100" ind1=" " ind2=" ">
      <subfield code="a">Brown, Lennox; Behnke, Emil</subfield>
    </datafield>
    <datafield tag="260" ind1=" " ind2=" ">
      <subfield code="a">London</subfield>
      <subfield code="b">Chappell &amp; Co.</subfield>
      <subfield code="c">1892</subfield>
    </datafield>
    <datafield tag="500" ind1=" " ind2=" ">
      <subfield code="a">Contains: </subfield>
    </datafield>
  </record>