
  <record>
    <leader>00000ncc a2200000 u 4500</leader>
    <controlfield tag="001">1898</controlfield>
    <datafield tag="100" ind1=" " ind2=" ">
      <subfield code="a">Boccabadati, Virginia</subfield>
    </datafield>
    <datafield tag="260" ind1=" " ind2=" ">
      <subfield code="a">Pesaro</subfield>
      <subfield code="b">Federici</subfield>
      <subfield code="c">1893</subfield>
    </datafield>
    <datafield tag="500" ind1=" " ind2=" ">
      <subfield code="a">Contains: </subfield>
    </datafield>
  </record>