
  <record>
    <leader>00000ncc a2200000 u 4500</leader>
    <controlfield tag="001">1899</controlfield>
    <datafield tag="100" ind1=" " ind2=" ">
      <subfield code="a">Dannreuther, Edward</subfield>
    </datafield>
    <datafield tag="260" ind1=" " ind2=" ">
      <subfield code="a">London</subfield>
      <subfield code="b">Novello, Ewer &amp; Co.</subfield>
      <subfield code="c">1893</subfield>
    </datafield>
    <datafield tag="500" ind1=" " ind2=" ">
      <subfield code="a">Contains: second vol. 1895 </subfield>
    </datafield>
  </record>