
  <record>
    <leader>00000ncc a2200000 u 4500</leader>
    <controlfield tag="001">1901</controlfield>
    <datafield tag="100" ind1=" " ind2=" ">
      <subfield code="a">Reicha, Anton</subfield>
    </datafield>
    <datafield tag="260" ind1=" " ind2=" ">
      <subfield code="a">Chicago</subfield>
      <subfield code="b">E. S. Metcalf</subfield>
      <subfield code="c">1893</subfield>
    </datafield>
    <datafield tag="500" ind1=" " ind2=" ">
      <subfield code="a">Contains: Translation by Edwin S. Metcalf</subfield>
    </datafield>
  </record>