
  <record>
    <leader>00000ncc a2200000 u 4500</leader>
    <controlfield tag="001">1904</controlfield>
    <datafield tag="100" ind1=" " ind2=" ">
      <subfield code="a">Root, Frederic W.</subfield>
    </datafield>
    <datafield tag="260" ind1=" " ind2=" ">
      <subfield code="a">London</subfield>
      <subfield code="b">J. Curwen &amp; Sons</subfield>
      <subfield code="c">1894</subfield>
    </datafield>
    <datafield tag="500" ind1=" " ind2=" ">
      <subfield code="a">Contains: In: The Musical Herald, August 1894, p. 229 </subfield>
    </datafield>
  </record>