
  <record>
    <leader>00000ncc a2200000 u 4500</leader>
    <controlfield tag="001">1905</controlfield>
    <datafield tag="100" ind1=" " ind2=" ">
      <subfield code="a">Bach, Albert Bernhard</subfield>
    </datafield>
    <datafield tag="260" ind1=" " ind2=" ">
      <subfield code="a">Edinburgh</subfield>
      <subfield code="b">William Blackwood &amp; Sons</subfield>
      <subfield code="c">1894</subfield>
    </datafield>
    <datafield tag="500" ind1=" " ind2=" ">
      <subfield code="a">Contains: </subfield>
    </datafield>
  </record>