
  <record>
    <leader>00000ncc a2200000 u 4500</leader>
    <controlfield tag="001">1909</controlfield>
    <datafield tag="100" ind1=" " ind2=" ">
      <subfield code="a">Garcia, Manuel</subfield>
    </datafield>
    <datafield tag="260" ind1=" " ind2=" ">
      <subfield code="a">New York</subfield>
      <subfield code="b">E. Schuberth</subfield>
      <subfield code="c">1894</subfield>
    </datafield>
    <datafield tag="500" ind1=" " ind2=" ">
      <subfield code="a">Contains: Further edition: London, E. Arscherberg, 1894 </subfield>
    </datafield>
  </record>