
  <record>
    <leader>00000ncc a2200000 u 4500</leader>
    <controlfield tag="001">1910</controlfield>
    <datafield tag="100" ind1=" " ind2=" ">
      <subfield code="a">Leonesi, Luigi; Tedeschi, Achille</subfield>
    </datafield>
    <datafield tag="260" ind1=" " ind2=" ">
      <subfield code="a">Bologna</subfield>
      <subfield code="b">Achille Tedeschi</subfield>
      <subfield code="c">1894</subfield>
    </datafield>
    <datafield tag="500" ind1=" " ind2=" ">
      <subfield code="a">Contains: </subfield>
    </datafield>
  </record>