
  <record>
    <leader>00000ncc a2200000 u 4500</leader>
    <controlfield tag="001">1916</controlfield>
    <datafield tag="100" ind1=" " ind2=" ">
      <subfield code="a">Joal, Joseph</subfield>
    </datafield>
    <datafield tag="260" ind1=" " ind2=" ">
      <subfield code="a">London</subfield>
      <subfield code="b">F. J. Rebman</subfield>
      <subfield code="c">1895</subfield>
    </datafield>
    <datafield tag="500" ind1=" " ind2=" ">
      <subfield code="a">Contains: ed. by Richard Norris Wolfenden </subfield>
    </datafield>
  </record>