
  <record>
    <leader>00000ncc a2200000 u 4500</leader>
    <controlfield tag="001">1918</controlfield>
    <datafield tag="100" ind1=" " ind2=" ">
      <subfield code="a">Mayan, J.-M.</subfield>
    </datafield>
    <datafield tag="260" ind1=" " ind2=" ">
      <subfield code="a">Trieste</subfield>
      <subfield code="b">C. Schmidl</subfield>
      <subfield code="c">1895</subfield>
    </datafield>
    <datafield tag="500" ind1=" " ind2=" ">
      <subfield code="a">Contains: Italian translation of Mayan 1888 by A. Schmidl-Serra </subfield>
    </datafield>
  </record>