
  <record>
    <leader>00000ncc a2200000 u 4500</leader>
    <controlfield tag="001">1919</controlfield>
    <datafield tag="100" ind1=" " ind2=" ">
      <subfield code="a">Meyer, J.</subfield>
    </datafield>
    <datafield tag="260" ind1=" " ind2=" ">
      <subfield code="a">New York</subfield>
      <subfield code="b">Breitkopf &amp; Härtel</subfield>
      <subfield code="c">1895</subfield>
    </datafield>
    <datafield tag="500" ind1=" " ind2=" ">
      <subfield code="a">Contains: </subfield>
    </datafield>
  </record>