
  <record>
    <leader>00000ncc a2200000 u 4500</leader>
    <controlfield tag="001">1920</controlfield>
    <datafield tag="100" ind1=" " ind2=" ">
      <subfield code="a">Pierre, Constant</subfield>
    </datafield>
    <datafield tag="260" ind1=" " ind2=" ">
      <subfield code="a">Paris</subfield>
      <subfield code="b">Tresse &amp; Stock</subfield>
      <subfield code="c">1895</subfield>
    </datafield>
    <datafield tag="500" ind1=" " ind2=" ">
      <subfield code="a">Contains: </subfield>
    </datafield>
  </record>