
  <record>
    <leader>00000ncc a2200000 u 4500</leader>
    <controlfield tag="001">1923</controlfield>
    <datafield tag="100" ind1=" " ind2=" ">
      <subfield code="a">Arlberg, Hjalmar</subfield>
    </datafield>
    <datafield tag="260" ind1=" " ind2=" ">
      <subfield code="a">Köln</subfield>
      <subfield code="b">Kölner Verlags-Anstalt</subfield>
      <subfield code="c">1896</subfield>
    </datafield>
    <datafield tag="500" ind1=" " ind2=" ">
      <subfield code="a">Contains: </subfield>
    </datafield>
  </record>