
  <record>
    <leader>00000ncc a2200000 u 4500</leader>
    <controlfield tag="001">1927</controlfield>
    <datafield tag="100" ind1=" " ind2=" ">
      <subfield code="a">Kuhlo, Franz</subfield>
    </datafield>
    <datafield tag="260" ind1=" " ind2=" ">
      <subfield code="a">Paderborn</subfield>
      <subfield code="b">Salzwasser </subfield>
      <subfield code="c">1896</subfield>
    </datafield>
    <datafield tag="500" ind1=" " ind2=" ">
      <subfield code="a">Contains: </subfield>
    </datafield>
  </record>