
  <record>
    <leader>00000ncc a2200000 u 4500</leader>
    <controlfield tag="001">1934</controlfield>
    <datafield tag="100" ind1=" " ind2=" ">
      <subfield code="a">Mastrigli, Leopoldo</subfield>
    </datafield>
    <datafield tag="260" ind1=" " ind2=" ">
      <subfield code="a">Torino</subfield>
      <subfield code="b">G. B. Paravia</subfield>
      <subfield code="c">1897</subfield>
    </datafield>
    <datafield tag="500" ind1=" " ind2=" ">
      <subfield code="a">Contains: c. 1897 </subfield>
    </datafield>
  </record>