
  <record>
    <leader>00000ncc a2200000 u 4500</leader>
    <controlfield tag="001">1935</controlfield>
    <datafield tag="100" ind1=" " ind2=" ">
      <subfield code="a">Hauptner, Thuiskon</subfield>
    </datafield>
    <datafield tag="260" ind1=" " ind2=" ">
      <subfield code="a">Leipzig</subfield>
      <subfield code="b">E. Eulenburg</subfield>
      <subfield code="c">1897</subfield>
    </datafield>
    <datafield tag="500" ind1=" " ind2=" ">
      <subfield code="a">Contains: c. 1897 </subfield>
    </datafield>
  </record>