
  <record>
    <leader>00000ncc a2200000 u 4500</leader>
    <controlfield tag="001">1937</controlfield>
    <datafield tag="100" ind1=" " ind2=" ">
      <subfield code="a">Bach, Albert Bernhard</subfield>
    </datafield>
    <datafield tag="260" ind1=" " ind2=" ">
      <subfield code="a">London</subfield>
      <subfield code="b">Kegan Paul, Trench, Trübner &amp; Co.</subfield>
      <subfield code="c">1898</subfield>
    </datafield>
    <datafield tag="500" ind1=" " ind2=" ">
      <subfield code="a">Contains: Link: fifth edition 1898</subfield>
    </datafield>
  </record>