
  <record>
    <leader>00000ncc a2200000 u 4500</leader>
    <controlfield tag="001">1945</controlfield>
    <datafield tag="100" ind1=" " ind2=" ">
      <subfield code="a">Schwidop, Otto</subfield>
    </datafield>
    <datafield tag="260" ind1=" " ind2=" ">
      <subfield code="a">Karlsruhe</subfield>
      <subfield code="b">J. J. Reiff</subfield>
      <subfield code="c">1898</subfield>
    </datafield>
    <datafield tag="500" ind1=" " ind2=" ">
      <subfield code="a">Contains: </subfield>
    </datafield>
  </record>