
  <record>
    <leader>00000ncc a2200000 u 4500</leader>
    <controlfield tag="001">1948</controlfield>
    <datafield tag="100" ind1=" " ind2=" ">
      <subfield code="a">Janáček, Leoš </subfield>
    </datafield>
    <datafield tag="260" ind1=" " ind2=" ">
      <subfield code="a">Prague [et al.]</subfield>
      <subfield code="b">Supraphon; Bärenreiter</subfield>
      <subfield code="c">1899</subfield>
    </datafield>
    <datafield tag="500" ind1=" " ind2=" ">
      <subfield code="a">Contains: modern edition in: Kritische Gesamtausgabe, series H, vol. 2, ed. By M. Duchonova et al. </subfield>
    </datafield>
  </record>