
  <record>
    <leader>00000ncc a2200000 u 4500</leader>
    <controlfield tag="001">1960</controlfield>
    <datafield tag="100" ind1=" " ind2=" ">
      <subfield code="a">Marchesi, Mathilde</subfield>
    </datafield>
    <datafield tag="260" ind1=" " ind2=" ">
      <subfield code="a">New York</subfield>
      <subfield code="c">1900</subfield>
    </datafield>
    <datafield tag="500" ind1=" " ind2=" ">
      <subfield code="a">Contains: </subfield>
    </datafield>
  </record>