
  <record>
    <leader>00000ncc a2200000 u 4500</leader>
    <controlfield tag="001">1966</controlfield>
    <datafield tag="100" ind1=" " ind2=" ">
      <subfield code="a">Kretzschmar, Hermann</subfield>
    </datafield>
    <datafield tag="260" ind1=" " ind2=" ">
      <subfield code="a">Leipzig</subfield>
      <subfield code="b">C. F. Peters</subfield>
      <subfield code="c">1901</subfield>
    </datafield>
    <datafield tag="500" ind1=" " ind2=" ">
      <subfield code="a">Contains: in: 7. Jahrbuch der Musikbibliothek Peters</subfield>
    </datafield>
  </record>