
  <record>
    <leader>00000ncc a2200000 u 4500</leader>
    <controlfield tag="001">1967</controlfield>
    <datafield tag="100" ind1=" " ind2=" ">
      <subfield code="a">Campana, Benedetto</subfield>
    </datafield>
    <datafield tag="260" ind1=" " ind2=" ">
      <subfield code="a">Pesaro</subfield>
      <subfield code="b">Stab. Annesio Nobili</subfield>
      <subfield code="c">1901</subfield>
    </datafield>
    <datafield tag="500" ind1=" " ind2=" ">
      <subfield code="a">Contains: </subfield>
    </datafield>
  </record>