
  <record>
    <leader>00000ncc a2200000 u 4500</leader>
    <controlfield tag="001">1968</controlfield>
    <datafield tag="100" ind1=" " ind2=" ">
      <subfield code="a">Lawton, William H.</subfield>
    </datafield>
    <datafield tag="260" ind1=" " ind2=" ">
      <subfield code="a">New York</subfield>
      <subfield code="b">Charles Francis Pres</subfield>
      <subfield code="c">1901</subfield>
    </datafield>
    <datafield tag="500" ind1=" " ind2=" ">
      <subfield code="a">Contains: </subfield>
    </datafield>
  </record>