
  <record>
    <leader>00000ncc a2200000 u 4500</leader>
    <controlfield tag="001">1969</controlfield>
    <datafield tag="100" ind1=" " ind2=" ">
      <subfield code="a">Marchesi, Mathilde</subfield>
    </datafield>
    <datafield tag="260" ind1=" " ind2=" ">
      <subfield code="a">New York [et al.]</subfield>
      <subfield code="b">Harper</subfield>
      <subfield code="c">1901</subfield>
    </datafield>
    <datafield tag="500" ind1=" " ind2=" ">
      <subfield code="a">Contains: </subfield>
    </datafield>
  </record>