
  <record>
    <leader>00000ncc a2200000 u 4500</leader>
    <controlfield tag="001">1971</controlfield>
    <datafield tag="100" ind1=" " ind2=" ">
      <subfield code="a">Vogel, G.</subfield>
    </datafield>
    <datafield tag="260" ind1=" " ind2=" ">
      <subfield code="a"/>
      <subfield code="c">1901</subfield>
    </datafield>
    <datafield tag="500" ind1=" " ind2=" ">
      <subfield code="a">Contains: </subfield>
    </datafield>
  </record>