
  <record>
    <leader>00000ncc a2200000 u 4500</leader>
    <controlfield tag="001">1975</controlfield>
    <datafield tag="100" ind1=" " ind2=" ">
      <subfield code="a">Bruns-Molar, Paul (ed. by)</subfield>
    </datafield>
    <datafield tag="260" ind1=" " ind2=" ">
      <subfield code="a">Berlin [et al.]</subfield>
      <subfield code="c">1902</subfield>
    </datafield>
    <datafield tag="500" ind1=" " ind2=" ">
      <subfield code="a">Contains:  journal printed between 1900 and 1902, n. 1–18 </subfield>
    </datafield>
  </record>