
  <record>
    <leader>00000ncc a2200000 u 4500</leader>
    <controlfield tag="001">1980</controlfield>
    <datafield tag="100" ind1=" " ind2=" ">
      <subfield code="a">Giovannini, Alberto</subfield>
    </datafield>
    <datafield tag="260" ind1=" " ind2=" ">
      <subfield code="a">Milano [et al.]</subfield>
      <subfield code="b">P. Mariani</subfield>
      <subfield code="c">1902</subfield>
    </datafield>
    <datafield tag="500" ind1=" " ind2=" ">
      <subfield code="a">Contains: </subfield>
    </datafield>
  </record>