
  <record>
    <leader>00000ncc a2200000 u 4500</leader>
    <controlfield tag="001">1984</controlfield>
    <datafield tag="100" ind1=" " ind2=" ">
      <subfield code="a">Nodtnagel, E.O.</subfield>
    </datafield>
    <datafield tag="260" ind1=" " ind2=" ">
      <subfield code="a"/>
      <subfield code="c">1902</subfield>
    </datafield>
    <datafield tag="500" ind1=" " ind2=" ">
      <subfield code="a">Contains: In: Die Stimme 1, 1902/1903, p. 105–108, 132–136, 166–170, 200–203, 230–233, 259–262, 295–298, 329–332 </subfield>
    </datafield>
  </record>