
  <record>
    <leader>00000ncc a2200000 u 4500</leader>
    <controlfield tag="001">1991</controlfield>
    <datafield tag="100" ind1=" " ind2=" ">
      <subfield code="a">Ricciardi, Riccardo</subfield>
    </datafield>
    <datafield tag="260" ind1=" " ind2=" ">
      <subfield code="a">Napoli</subfield>
      <subfield code="b">Melfi e Joele</subfield>
      <subfield code="c">1903</subfield>
    </datafield>
    <datafield tag="500" ind1=" " ind2=" ">
      <subfield code="a">Contains: </subfield>
    </datafield>
  </record>