
  <record>
    <leader>00000ncc a2200000 u 4500</leader>
    <controlfield tag="001">1994</controlfield>
    <datafield tag="100" ind1=" " ind2=" ">
      <subfield code="a">Wallerstein, M.</subfield>
    </datafield>
    <datafield tag="260" ind1=" " ind2=" ">
      <subfield code="a">Berlin</subfield>
      <subfield code="b">Enslin</subfield>
      <subfield code="c">1904</subfield>
    </datafield>
    <datafield tag="500" ind1=" " ind2=" ">
      <subfield code="a">Contains: In: Imhofer, Richard, Die Krankheiten der Singstimme für Aerzte</subfield>
    </datafield>
  </record>