
  <record>
    <leader>00000ncc a2200000 u 4500</leader>
    <controlfield tag="001">1996</controlfield>
    <datafield tag="100" ind1=" " ind2=" ">
      <subfield code="a">Bukofzer, M. F.</subfield>
    </datafield>
    <datafield tag="260" ind1=" " ind2=" ">
      <subfield code="a">Berlin</subfield>
      <subfield code="c">1904</subfield>
    </datafield>
    <datafield tag="500" ind1=" " ind2=" ">
      <subfield code="a">Contains: In: Archiv für Laryngologie und Rhinologie XV, p. 185–216</subfield>
    </datafield>
  </record>