
  <record>
    <leader>00000ncc a2200000 u 4500</leader>
    <controlfield tag="001">2002</controlfield>
    <datafield tag="100" ind1=" " ind2=" ">
      <subfield code="a">Lamperti, Giovanni Battista </subfield>
    </datafield>
    <datafield tag="260" ind1=" " ind2=" ">
      <subfield code="a">New York</subfield>
      <subfield code="b">G. Schirmer</subfield>
      <subfield code="c">1905</subfield>
    </datafield>
    <datafield tag="500" ind1=" " ind2=" ">
      <subfield code="a">Contains:  c. 1705, ed. by Maximilian Heidrich and Theodore Baker  </subfield>
    </datafield>
  </record>