
  <record>
    <leader>00000ncc a2200000 u 4500</leader>
    <controlfield tag="001">2006</controlfield>
    <datafield tag="100" ind1=" " ind2=" ">
      <subfield code="a">Ziller, B.</subfield>
    </datafield>
    <datafield tag="260" ind1=" " ind2=" ">
      <subfield code="a">Leipzig</subfield>
      <subfield code="c">1905</subfield>
    </datafield>
    <datafield tag="500" ind1=" " ind2=" ">
      <subfield code="a">Contains: in: Allgemeine Musik-Zeitung, vol. 32, n. 32, 33 (p. 534–535); n. 37 (p. 591–592) </subfield>
    </datafield>
  </record>