
  <record>
    <leader>00000ncc a2200000 u 4500</leader>
    <controlfield tag="001">2008</controlfield>
    <datafield tag="100" ind1=" " ind2=" ">
      <subfield code="a">Flatau, Theodor; Gast, Karl</subfield>
    </datafield>
    <datafield tag="260" ind1=" " ind2=" ">
      <subfield code="a"/>
      <subfield code="b">Trowitzsch </subfield>
      <subfield code="c">1906</subfield>
    </datafield>
    <datafield tag="500" ind1=" " ind2=" ">
      <subfield code="a">Contains:  1906–1912 </subfield>
    </datafield>
  </record>