
  <record>
    <leader>00000ncc a2200000 u 4500</leader>
    <controlfield tag="001">2009</controlfield>
    <datafield tag="100" ind1=" " ind2=" ">
      <subfield code="a">Henderson, William James</subfield>
    </datafield>
    <datafield tag="260" ind1=" " ind2=" ">
      <subfield code="a">New York</subfield>
      <subfield code="b">C. Schribner</subfield>
      <subfield code="c">1906</subfield>
    </datafield>
    <datafield tag="500" ind1=" " ind2=" ">
      <subfield code="a">Contains: </subfield>
    </datafield>
  </record>