
  <record>
    <leader>00000ncc a2200000 u 4500</leader>
    <controlfield tag="001">2011</controlfield>
    <datafield tag="100" ind1=" " ind2=" ">
      <subfield code="a">Berg, W.</subfield>
    </datafield>
    <datafield tag="260" ind1=" " ind2=" ">
      <subfield code="a"/>
      <subfield code="c">1906</subfield>
    </datafield>
    <datafield tag="500" ind1=" " ind2=" ">
      <subfield code="a">Contains: in: Die Stimme, 1:10, 40, 82, 113, 140, 1906–07 </subfield>
    </datafield>
  </record>