
  <record>
    <leader>00000ncc a2200000 u 4500</leader>
    <controlfield tag="001">2012</controlfield>
    <datafield tag="100" ind1=" " ind2=" ">
      <subfield code="a">Bruns-Molar, Paul</subfield>
    </datafield>
    <datafield tag="260" ind1=" " ind2=" ">
      <subfield code="a">Berlin</subfield>
      <subfield code="c">1906</subfield>
    </datafield>
    <datafield tag="500" ind1=" " ind2=" ">
      <subfield code="a">Contains: </subfield>
    </datafield>
  </record>