
  <record>
    <leader>00000ncc a2200000 u 4500</leader>
    <controlfield tag="001">2017</controlfield>
    <datafield tag="100" ind1=" " ind2=" ">
      <subfield code="a">Bruns-Molar, Paul u.</subfield>
    </datafield>
    <datafield tag="260" ind1=" " ind2=" ">
      <subfield code="a">Berlin</subfield>
      <subfield code="b">Gross Lichterfelde</subfield>
      <subfield code="c">1906</subfield>
    </datafield>
    <datafield tag="500" ind1=" " ind2=" ">
      <subfield code="a">Contains:  c. 1906 </subfield>
    </datafield>
  </record>