
  <record>
    <leader>00000ncc a2200000 u 4500</leader>
    <controlfield tag="001">2018</controlfield>
    <datafield tag="100" ind1=" " ind2=" ">
      <subfield code="a">Celani, E.</subfield>
    </datafield>
    <datafield tag="260" ind1=" " ind2=" ">
      <subfield code="a">Torino</subfield>
      <subfield code="b">G. Bocca</subfield>
      <subfield code="c">1907</subfield>
    </datafield>
    <datafield tag="500" ind1=" " ind2=" ">
      <subfield code="a">Contains: In: Rivista Musicale Italiana, XIV, p. 705</subfield>
    </datafield>
  </record>