
  <record>
    <leader>00000ncc a2200000 u 4500</leader>
    <controlfield tag="001">2021</controlfield>
    <datafield tag="100" ind1=" " ind2=" ">
      <subfield code="a">Galli, Amintore</subfield>
    </datafield>
    <datafield tag="260" ind1=" " ind2=" ">
      <subfield code="a">Milano</subfield>
      <subfield code="b">Società editrice Sonzogno</subfield>
      <subfield code="c">1907</subfield>
    </datafield>
    <datafield tag="500" ind1=" " ind2=" ">
      <subfield code="a">Contains: </subfield>
    </datafield>
  </record>