
  <record>
    <leader>00000ncc a2200000 u 4500</leader>
    <controlfield tag="001">2023</controlfield>
    <datafield tag="100" ind1=" " ind2=" ">
      <subfield code="a">Haböck, Franz</subfield>
    </datafield>
    <datafield tag="260" ind1=" " ind2=" ">
      <subfield code="a">Berlin [et al.]</subfield>
      <subfield code="b">Schuster &amp; Loeffler</subfield>
      <subfield code="c">1908</subfield>
    </datafield>
    <datafield tag="500" ind1=" " ind2=" ">
      <subfield code="a">Contains: In: Die Musik, vol. 8 (1908–09), p. 337–347</subfield>
    </datafield>
  </record>