
  <record>
    <leader>00000ncc a2200000 u 4500</leader>
    <controlfield tag="001">2024</controlfield>
    <datafield tag="100" ind1=" " ind2=" ">
      <subfield code="a">Ulrich, Bernhard</subfield>
    </datafield>
    <datafield tag="260" ind1=" " ind2=" ">
      <subfield code="a"/>
      <subfield code="c">1908</subfield>
    </datafield>
    <datafield tag="500" ind1=" " ind2=" ">
      <subfield code="a">Contains: In: Die Stimme, vol. 3 (1908–09), p. 10-19</subfield>
    </datafield>
  </record>