
  <record>
    <leader>00000ncc a2200000 u 4500</leader>
    <controlfield tag="001">2027</controlfield>
    <datafield tag="100" ind1=" " ind2=" ">
      <subfield code="a">Gibello, Marie</subfield>
    </datafield>
    <datafield tag="260" ind1=" " ind2=" ">
      <subfield code="a">Roma</subfield>
      <subfield code="b">E. Voghera</subfield>
      <subfield code="c">1908</subfield>
    </datafield>
    <datafield tag="500" ind1=" " ind2=" ">
      <subfield code="a">Contains: </subfield>
    </datafield>
  </record>