
  <record>
    <leader>00000ncc a2200000 u 4500</leader>
    <controlfield tag="001">2030</controlfield>
    <datafield tag="100" ind1=" " ind2=" ">
      <subfield code="a">Mackinlay, Malcom S.</subfield>
    </datafield>
    <datafield tag="260" ind1=" " ind2=" ">
      <subfield code="a">Edinburgh</subfield>
      <subfield code="b">Hutchinson &amp; Co.</subfield>
      <subfield code="c">1908</subfield>
    </datafield>
    <datafield tag="500" ind1=" " ind2=" ">
      <subfield code="a">Contains: </subfield>
    </datafield>
  </record>