
  <record>
    <leader>00000ncc a2200000 u 4500</leader>
    <controlfield tag="001">2031</controlfield>
    <datafield tag="100" ind1=" " ind2=" ">
      <subfield code="a">Panseron, Auguste</subfield>
    </datafield>
    <datafield tag="260" ind1=" " ind2=" ">
      <subfield code="a">Boston</subfield>
      <subfield code="b">Oliver Ditson Company</subfield>
      <subfield code="c">1908</subfield>
    </datafield>
    <datafield tag="500" ind1=" " ind2=" ">
      <subfield code="a">Contains:  Revised by N. Clifford Page </subfield>
    </datafield>
  </record>