
  <record>
    <leader>00000ncc a2200000 u 4500</leader>
    <controlfield tag="001">2036</controlfield>
    <datafield tag="100" ind1=" " ind2=" ">
      <subfield code="a">Seydel, M.</subfield>
    </datafield>
    <datafield tag="260" ind1=" " ind2=" ">
      <subfield code="a">Leipzig</subfield>
      <subfield code="b">Kahnt</subfield>
      <subfield code="c">1909</subfield>
    </datafield>
    <datafield tag="500" ind1=" " ind2=" ">
      <subfield code="a">Contains: </subfield>
    </datafield>
  </record>