
  <record>
    <leader>00000ncc a2200000 u 4500</leader>
    <controlfield tag="001">2039</controlfield>
    <datafield tag="100" ind1=" " ind2=" ">
      <subfield code="a">Fischer, E.</subfield>
    </datafield>
    <datafield tag="260" ind1=" " ind2=" ">
      <subfield code="a">Leipzig</subfield>
      <subfield code="c">1910</subfield>
    </datafield>
    <datafield tag="500" ind1=" " ind2=" ">
      <subfield code="a">Contains: </subfield>
    </datafield>
  </record>