
  <record>
    <leader>00000ncc a2200000 u 4500</leader>
    <controlfield tag="001">2042</controlfield>
    <datafield tag="100" ind1=" " ind2=" ">
      <subfield code="a">Pinks, Emil</subfield>
    </datafield>
    <datafield tag="260" ind1=" " ind2=" ">
      <subfield code="a">Leipzig</subfield>
      <subfield code="b">Pabst</subfield>
      <subfield code="c">1910</subfield>
    </datafield>
    <datafield tag="500" ind1=" " ind2=" ">
      <subfield code="a">Contains: </subfield>
    </datafield>
  </record>