
  <record>
    <leader>00000ncc a2200000 u 4500</leader>
    <controlfield tag="001">2043</controlfield>
    <datafield tag="100" ind1=" " ind2=" ">
      <subfield code="a">Müller-Söllner</subfield>
    </datafield>
    <datafield tag="260" ind1=" " ind2=" ">
      <subfield code="a">Darmstadt</subfield>
      <subfield code="b">Selbstverlag</subfield>
      <subfield code="c">1911</subfield>
    </datafield>
    <datafield tag="500" ind1=" " ind2=" ">
      <subfield code="a">Contains: c. 1900 </subfield>
    </datafield>
  </record>