
  <record>
    <leader>00000ncc a2200000 u 4500</leader>
    <controlfield tag="001">2044</controlfield>
    <datafield tag="100" ind1=" " ind2=" ">
      <subfield code="a">Bab, Julius</subfield>
    </datafield>
    <datafield tag="260" ind1=" " ind2=" ">
      <subfield code="a">Berlin</subfield>
      <subfield code="b">Oesterheld </subfield>
      <subfield code="c">1911</subfield>
    </datafield>
    <datafield tag="500" ind1=" " ind2=" ">
      <subfield code="a">Contains: Later edition: 1920</subfield>
    </datafield>
  </record>