
  <record>
    <leader>00000ncc a2200000 u 4500</leader>
    <controlfield tag="001">2046</controlfield>
    <datafield tag="100" ind1=" " ind2=" ">
      <subfield code="a">Monici, Annibale</subfield>
    </datafield>
    <datafield tag="260" ind1=" " ind2=" ">
      <subfield code="a">Torino</subfield>
      <subfield code="b">Fratelli Bocca</subfield>
      <subfield code="c">1911</subfield>
    </datafield>
    <datafield tag="500" ind1=" " ind2=" ">
      <subfield code="a">Contains: </subfield>
    </datafield>
  </record>