
  <record>
    <leader>00000ncc a2200000 u 4500</leader>
    <controlfield tag="001">2048</controlfield>
    <datafield tag="100" ind1=" " ind2=" ">
      <subfield code="a">Wagenmann, Josef Hermann</subfield>
    </datafield>
    <datafield tag="260" ind1=" " ind2=" ">
      <subfield code="a">Altenburg</subfield>
      <subfield code="b">J. Räde</subfield>
      <subfield code="c">1911</subfield>
    </datafield>
    <datafield tag="500" ind1=" " ind2=" ">
      <subfield code="a">Contains: </subfield>
    </datafield>
  </record>