
  <record>
    <leader>00000ncc a2200000 u 4500</leader>
    <controlfield tag="001">2053</controlfield>
    <datafield tag="100" ind1=" " ind2=" ">
      <subfield code="a">Hey, Hans Erwin; Volbach, Friedrich</subfield>
    </datafield>
    <datafield tag="260" ind1=" " ind2=" ">
      <subfield code="a">Mainz</subfield>
      <subfield code="b">Schott</subfield>
      <subfield code="c">1912</subfield>
    </datafield>
    <datafield tag="500" ind1=" " ind2=" ">
      <subfield code="a">Contains: Modern edition: Mainz 2015 </subfield>
    </datafield>
  </record>