
  <record>
    <leader>00000ncc a2200000 u 4500</leader>
    <controlfield tag="001">2054</controlfield>
    <datafield tag="100" ind1=" " ind2=" ">
      <subfield code="a">Mantler, Ludwig</subfield>
    </datafield>
    <datafield tag="260" ind1=" " ind2=" ">
      <subfield code="a">Wien</subfield>
      <subfield code="b">Halm &amp; Goldmann</subfield>
      <subfield code="c">1912</subfield>
    </datafield>
    <datafield tag="500" ind1=" " ind2=" ">
      <subfield code="a">Contains: </subfield>
    </datafield>
  </record>