
  <record>
    <leader>00000ncc a2200000 u 4500</leader>
    <controlfield tag="001">2056</controlfield>
    <datafield tag="100" ind1=" " ind2=" ">
      <subfield code="a">Pellegrini, Paolo</subfield>
    </datafield>
    <datafield tag="260" ind1=" " ind2=" ">
      <subfield code="a">Livorno</subfield>
      <subfield code="b">G. Fabbreschi</subfield>
      <subfield code="c">1912</subfield>
    </datafield>
    <datafield tag="500" ind1=" " ind2=" ">
      <subfield code="a">Contains: </subfield>
    </datafield>
  </record>