
  <record>
    <leader>00000ncc a2200000 u 4500</leader>
    <controlfield tag="001">2057</controlfield>
    <datafield tag="100" ind1=" " ind2=" ">
      <subfield code="a">Reinecke, Wilhelm</subfield>
    </datafield>
    <datafield tag="260" ind1=" " ind2=" ">
      <subfield code="a"/>
      <subfield code="c">1912</subfield>
    </datafield>
    <datafield tag="500" ind1=" " ind2=" ">
      <subfield code="a">Contains: In: Die Stimme, vol.10 (1912)</subfield>
    </datafield>
  </record>