
  <record>
    <leader>00000ncc a2200000 u 4500</leader>
    <controlfield tag="001">2060</controlfield>
    <datafield tag="100" ind1=" " ind2=" ">
      <subfield code="a">Höpflingen de Lyro, Irma von</subfield>
    </datafield>
    <datafield tag="260" ind1=" " ind2=" ">
      <subfield code="a">Wien</subfield>
      <subfield code="b">W. Braumüller</subfield>
      <subfield code="c">1913</subfield>
    </datafield>
    <datafield tag="500" ind1=" " ind2=" ">
      <subfield code="a">Contains: </subfield>
    </datafield>
  </record>