
  <record>
    <leader>00000ncc a2200000 u 4500</leader>
    <controlfield tag="001">2062</controlfield>
    <datafield tag="100" ind1=" " ind2=" ">
      <subfield code="a">Hahn, Reynaldo</subfield>
    </datafield>
    <datafield tag="260" ind1=" " ind2=" ">
      <subfield code="a">Paris</subfield>
      <subfield code="c">1913</subfield>
    </datafield>
    <datafield tag="500" ind1=" " ind2=" ">
      <subfield code="a">Contains: Modern edition: Padova 1990 </subfield>
    </datafield>
  </record>