
  <record>
    <leader>00000ncc a2200000 u 4500</leader>
    <controlfield tag="001">2067</controlfield>
    <datafield tag="100" ind1=" " ind2=" ">
      <subfield code="a">Fassero, Felicita</subfield>
    </datafield>
    <datafield tag="260" ind1=" " ind2=" ">
      <subfield code="a">Torino</subfield>
      <subfield code="b">Libreria Editrice Internazionale</subfield>
      <subfield code="c">1914</subfield>
    </datafield>
    <datafield tag="500" ind1=" " ind2=" ">
      <subfield code="a">Contains: </subfield>
    </datafield>
  </record>